@article{Weinberg:1967tq,
    author = "Weinberg, Steven",
    title = "{A Model of Leptons}",
    doi = "10.1103/PhysRevLett.19.1264",
    journal = "Phys. Rev. Lett.",
    volume = "19",
    pages = "1264--1266",
    year = "1967"
}

@misc{guthMIT,
  title = {{MIT OpenCourseWare 8.286 The Early Universe. Fall 2013.}},
  author={Alan Guth},
  howpublished = {\url{https://ocw.mit.edu}},
  note = {Creative Commons BY-NC-SA.}
}

@misc{CMBWMAP,
  title ={{WMAP Nine year microwave sky}},
  author={NASA/WMAP Science Team},
  howpublished={\url{https://www.nasa.gov/}}
}


@article{Cirelli:2011ac,
    author = "Cirelli, Marco and Panci, Paolo and Servant, Geraldine and Zaharijas, Gabrijela",
    title = "{Consequences of DM/antiDM Oscillations for Asymmetric WIMP Dark Matter}",
    eprint = "1110.3809",
    archivePrefix = "arXiv",
    primaryClass = "hep-ph",
    reportNumber = "CERN-PH-TH-2011-045, SACLAY-T11-022, CP3-ORIGINS-2011-031, DIAS-2011-23",
    doi = "10.1088/1475-7516/2012/03/015",
    journal = "JCAP",
    volume = "03",
    pages = "015",
    year = "2012",
    Note = {\href{https://arxiv.org/abs/1110.3809}{arXiv:1110.3809}}
}

@article{alcock1993possible,
  title={Possible gravitational microlensing of a star in the Large Magellanic Cloud},
  author={Alcock, Ch. and Akerlof, Carl W. and Allsman, R. A. and Axelrod, T. S. and Bennett, D. P. and Chan, S. and Cook, K. H. and Freeman, K. C. and Griest, K. and Marshall, S. L. and others},
  journal={Nature},
  volume={365},
  number={6447},
  pages={621},
  year={1993},
  Note = {\url{https://doi.org/10.1038/365621a0}},
  publisher={Nature Publishing Group}
}

@misc{fruchterNASA,
  title = {{Abell 2218: A Galaxy Cluster Lens}},
  author={Andrew Fruchter},
  howpublished = {\url{https://apod.nasa.gov/apod/ap011007.html}}
}


@book{gorbunov2011introduction1,
  title={{Introduction to the theory of the early universe: Hot big bang theory}},
  author={Gorbunov, Dmitry S. and Rubakov, Valery A.},
  year={2011},
  publisher={World Scientific}
}

@book{bahcall,
  title={{Dark Matter in the Universe}},
  author={Bahcall, John N. and Piran, Tsvi and Weinberg, Steven},
  year={2004},
  publisher={World Scientific}
}

@article{zwicky,
  title={{Die rotverschiebung von extragalaktischen nebeln}},
  author={Zwicky, Fritz},
  journal={Helvetica Physica Acta},
  volume={6},
  pages={110--127},
  year={1933}
}


@book{peacock1999cosmological,
  title={{Cosmological physics}},
  author={Peacock, John A.},
  year={1999},
  publisher={Cambridge university press}
}


@article{efstathiou1988analysis,
  title={{Analysis of a complete galaxy redshift survey--II. The field-galaxy luminosity function}},
  author={Efstathiou, G. and Ellis, Richard S. and Peterson, Bruce A.},
  journal={Monthly Notices of the Royal Astronomical Society},
  volume={232},
  number={2},
  pages={431--461},
  year={1988},
  publisher={Oxford University Press}
}

@article{ellis2010gravitational,
  title={{Gravitational lensing: a unique probe of dark matter and dark energy}},
  author={Ellis, Richard S.},
  journal={Philosophical Transactions of the Royal Society of London A: Mathematical, Physical and Engineering Sciences},
  volume={368},
  number={1914},
  pages={967--987},
  year={2010},
  publisher={The Royal Society}
}

@article{van2004distribution,
  title={{Distribution of dark matter in the spiral galaxy NGC 3198}},
  author={Van Albada, T. S. and Begeman, K. and Sanscisi, R. and Bahcall, J. N.},
  journal={Dark Matter in the Universe},
  year={2004},
  publisher={World Scientific}
}

@article{roos2010dark,
  title={{Dark Matter: The evidence from astronomy, astrophysics and cosmology}},
  author={Roos, Matts},
  journal={arXiv preprint arXiv:1001.0316},
  year={2010}
}

@article{patrignani2016review,
  title={{Review of particle physics}},
  author={Patrignani, C and Particle Data Group and others},
  journal={Chinese physics C},
  volume={40},
  number={10},
  pages={100001},
  year={2016},
  publisher={IOP Publishing}
}



@article{clowe2006direct,
  title={{A direct empirical proof of the existence of dark matter}},
  author={Clowe, Douglas and Brada{\v{c}}, Maru{\v{s}}a and Gonzalez, Anthony H. and Markevitch, Maxim and Randall, Scott W. and Jones, Christine and Zaritsky, Dennis},
  journal={The Astrophysical Journal Letters},
  volume={648},
  number={2},
  Note = {\url{https://doi.org/10.1086/508162}},
  pages={L109},
  year={2006},
  publisher={IOP Publishing}
}

@article{castro2009cosmological,
  title={{Cosmological parameters from the QUAD CMB polarization experiment}},
  author={Castro, P. G. and Ade, P. and Bock, J. and Bowden, M. and Brown, M. L. and Cahill, G. and Church, S. and Culverhouse, T. and Friedman, R. B. and Ganga, K. and others},
  journal={The Astrophysical Journal},
  volume={701},
  number={2},
  pages={857},
  year={2009},
  publisher={IOP Publishing}
}


@article{ade2014planck,
  title={{Planck 2013 results. XVI. Cosmological parameters}},
  author={Ade, Peter A. R. and Aghanim, N. and Armitage-Caplan, C. and Arnaud, M. and Ashdown, M. and Atrio-Barandela, F. and Aumont, J. and Baccigalupi, C. and Banday, Anthony J. and Barreiro, R. B. and others},
  journal={Astronomy \& Astrophysics},
  volume={571},
  pages={A16},
  year={2014},
  publisher={EDP Sciences}
}

@article{komatsu2009five,
  title={{Five-year wilkinson microwave anisotropy probe* Observations: cosmological interpretation}},
  author={Komatsu, Eiichiro and Dunkley, J. and Nolta, M. R. and Bennett, C. L. and Gold, B. and Hinshaw, G. and Jarosik, N. and Larson, D. and Limon, M. and Page, L. and others},
  journal={The Astrophysical Journal Supplement Series},
  volume={180},
  number={2},
  pages={330},
  year={2009},
  publisher={IOP Publishing}
}



@article{appelquist,
  title={{Nonexotic neutral gauge bosons}},
  author={Appelquist, Thomas and Dobrescu, Bogdan A. and Hopper, Adam R.},
  journal={Physical Review D},
  volume={68},
  number={3},
  pages={035012},
  year={2003},
  publisher={APS}
}






















@article{PhysRevD.46.410,
  title = {{SU(3)\ensuremath{\bigotimes}U(1) model for electroweak interactions}},
  author = {Pisano, F. and Pleitez, V.},
  journal = {Phys. Rev. D},
  volume = {46},
  issue = {1},
  pages = {410--417},
  numpages = {0},
  year = {1992},
  month = {Jul},
  publisher = {American Physical Society},
  doi = {10.1103/PhysRevD.46.410},
  url = {https://link.aps.org/doi/10.1103/PhysRevD.46.410}
}





@article{montero2009gauging,
  title={{Gauging U (1) symmetries and the number of right-handed neutrinos}},
  author={Montero, J. C. and Pleitez, V.},
  journal={Physics Letters B},
  volume={675},
  number={1},
  pages={64--68},
  year={2009},
  publisher={Elsevier},
    Note = {\href{https://arxiv.org/abs/2010.12583}{arXiv:2010.12583}}
}

@article{montero2011neutrino,
  title={{Neutrino masses and the scalar sector of a B - L extension of the standard model}},
  author={Montero, J. C. and S{\'a}nchez-Vega, B. L.},
  journal={Physical Review D},
  volume={84},
  number={5},
  pages={053006},
  year={2011},
  publisher={APS},
    Note = {\href{https://arxiv.org/abs/2010.12583}{arXiv:2010.12583}}
}


@article{sanchez2014complex,
  title={{Complex scalar dark matter in a B-L model}},
  author={S{\'a}nchez--Vega, B. L. and Montero, J. C. and Schmitz, E. R.},
  journal={Physical Review D},
  volume={90},
  number={5},
  pages={055022},
  year={2014},
  publisher={APS},
    Note = {\href{https://arxiv.org/abs/2010.12583}{arXiv:2010.12583}}
}

@article{sanchez2015fermionic,
  title={{Fermionic dark matter and neutrino masses in a B- L model}},
  author={S{\'a}nchez-Vega, B. L. and Schmitz, E. R.},
  journal={Physical Review D},
  volume={92},
  number={5},
  pages={053007},
  year={2015},
  publisher={APS},
    Note = {\href{https://arxiv.org/abs/2010.12583}{arXiv:2010.12583}}
}



@article{sanchez2019vacuum,
  title={Vacuum stability conditions of the economical $3-3-1$ model from copositivity},
  author={S{\'a}nchez-Vega, B. L. and Gambini, Guillermo and Alvarez-Salazar, C. E.},
  journal={The European Physical Journal C},
  volume={79},
  number={4},
  pages={299},
  year={2019},
  publisher={Springer},
    Note = {\href{https://arxiv.org/abs/2010.12583}{arXiv:2010.12583}}
}


@article{carneiro2019h,
  title={{Is the $H_0$ tension suggesting a fourth neutrino generation?}},
  author={Carneiro, S. and de Holanda, P. C. and Pigozzo, C. and Sobreira, F.},
  journal={Physical Review D},
  volume={100},
  number={2},
  pages={023505},
  year={2019},
  publisher={APS},
    Note = {\href{https://arxiv.org/abs/2010.12583}{arXiv:2010.12583}}
}

@article{boriero2013limits,
  title={Limits in late time conversion of cold dark matter into dark radiation},
  author={Boriero, D and de Holanda, PC and Motta, M},
  journal={Journal of Cosmology and Astroparticle Physics},
  volume={2013},
  number={06},
  pages={006},
  year={2013},
  publisher={IOP Publishing},
    Note = {\href{https://arxiv.org/abs/2010.12583}{arXiv:2010.12583}}
}

@article{sanchez2018new,
  title={New constraints on the 3-3-1 model with right-handed neutrinos},
  author={S{\'a}nchez-Vega, B. L. and Schmitz, E. R. and Montero, J. C.},
  journal={The European Physical Journal C},
  volume={78},
  number={2},
  pages={166},
  year={2018},
  publisher={Springer},
    Note = {\href{https://arxiv.org/abs/2010.12583}{arXiv:2010.12583}}
}

@article{Tulin:2012re,
    author = "Tulin, Sean and Yu, Hai-Bo and Zurek, Kathryn M.",
    archivePrefix = "arXiv",
    doi = "10.1088/1475-7516/2012/05/013",
    eprint = "1202.0283",
    journal = "JCAP",
    pages = "013",
    primaryClass = "hep-ph",
    reportNumber = "MCTP-12-03",
    title = "{Oscillating Asymmetric Dark Matter}",
    volume = "05",
    year = "2012",
    Note = {\href{https://arxiv.org/abs/1202.0283}{arXiv:1202.0283}}
}

@article{gondolo1991cosmic,
  title={Cosmic abundances of stable particles: Improved analysis},
  author={Gondolo, Paolo and Gelmini, Graciela},
  journal={Nuclear Physics B},
  volume={360},
  number={1},
  pages={145--179},
  year={1991},
  publisher={Elsevier},
  Note={\url{https://doi.org/10.1016/0550-3213(91)90438-4}}
}

@article{cirigliano2010flavored,
  title={Flavored quantum Boltzmann equations},
  author={Cirigliano, Vincenzo and Lee, Christopher and Ramsey-Musolf, Michael J. and Tulin, Sean},
  journal={Physical Review D},
  volume={81},
  number={10},
  pages={103503},
  year={2010},
  publisher={APS},
    Note = {\href{https://arxiv.org/abs/2010.12583}{arXiv:2010.12583}}
}

@article{Gronau:1984ct,
    author = "Gronau, Michael and Leung, Chung Ngoc and Rosner, Jonathan L.",
    title = "{Extending Limits on Neutral Heavy Leptons}",
    reportNumber = "EFI-83-63-CHICAGO, FERMILAB-PUB-84-024-T",
    doi = "10.1103/PhysRevD.29.2539",
    journal = "Phys. Rev. D",
    volume = "29",
    pages = "2539",
    year = "1984"
}


@article{Cline:2020mdt,
    author = "Cline, James M. and Puel, Matteo and Toma, Takashi",
    title = "{A little theory of everything, with heavy neutral leptons}",
    eprint = "2001.11505",
    archivePrefix = "arXiv",
    primaryClass = "hep-ph",
    doi = "10.1007/JHEP05(2020)039",
    journal = "JHEP",
    volume = "05",
    pages = "039",
    year = "2020",
    Note = {\href{https://arxiv.org/abs/2001.11505}{arXiv:2001.11505}}
}

@article{hoddeson1992rise,
  title={The rise of the standard model: Particle physics in the 1960s and 1970s},
  author={Hoddeson, Lillian},
  year={1992}
}

@article{gliner1966algebraic,
  title={Algebraic properties of the energy-momentum tensor and vacuum-like states of matter},
  author={Gliner, Erast B.},
  journal={Soviet Journal of Experimental and Theoretical Physics},
  volume={22},
  pages={378},
  year={1966}
}

@article{zel1968cosmological,
  title={The cosmological constant and the theory of elementary particles},
  author={Zel'dovich, Ya B. and Zeldovich, Ya B. and Krasinski, Andrzej},
  journal={Gen. Rel. Grav.},
  volume={11},
  pages={209},
  year={1968}
}


@book{profumo2017introduction,
  title={An introduction to particle dark matter},
  author={Profumo, Stefano},
  year={2017},
  publisher={World Scientific Publishing Company}
}

@article{aghanim2020planck,
  title={Planck 2018 results-VI. Cosmological parameters},
  author={Aghanim, Nabila and Akrami, Yashar and Ashdown, Mark and Aumont, J and Baccigalupi, C and Ballardini, M and Banday, AJ and Barreiro, RB and Bartolo, N and Basak, S and others},
  journal={Astronomy \& Astrophysics},
  volume={641},
  pages={A6},
  year={2020},
  publisher={EDP sciences}
}

@article{graesser2011asymmetric,
  title={{Asymmetric WIMP dark matter}},
  author={Graesser, Michael L and Shoemaker, Ian M and Vecchi, Luca},
  journal={Journal of High Energy Physics},
  volume={2011},
  number={10},
  pages={110},
  year={2011},
  publisher={Springer},
  Note={\href{https://arxiv.org/abs/1103.2771}{arXiv:1103.2771}}
}

@article{Gorbunov:2007ak,
    author = "Gorbunov, Dmitry and Shaposhnikov, Mikhail",
    title = "{How to find neutral leptons of the $\nu$MSM?}",
    eprint = "0705.1729",
    archivePrefix = "arXiv",
    primaryClass = "hep-ph",
    doi = "10.1088/1126-6708/2007/10/015",
    journal = "JHEP",
    volume = "10",
    pages = "015",
    year = "2007",
    note = {[Erratum: JHEP 11, 101 (2013)]. \href{https://arxiv.org/abs/0705.1729}{arXiv:0705.1729}}
}

@article{Winkler:2018qyg,
    author = "Winkler, Martin Wolfgang",
    title = "{Decay and detection of a light scalar boson mixing with the Higgs boson}",
    eprint = "1809.01876",
    archivePrefix = "arXiv",
    primaryClass = "hep-ph",
    reportNumber = "NORDITA-2018-087",
    doi = "10.1103/PhysRevD.99.015018",
    journal = "Phys. Rev. D",
    volume = "99",
    number = "1",
    pages = "015018",
    year = "2019",
    Note = {\href{https://arxiv.org/abs/2010.12583}{arXiv:2010.12583}}
}


@article{DELPHI:1996qcc,
    author = "Abreu, P. and others",
    collaboration = "DELPHI",
    title = "{Search for neutral heavy leptons produced in Z decays}",
    reportNumber = "CERN-PPE-96-195",
    doi = "10.1007/s002880050370",
    journal = "Z. Phys. C",
    volume = "74",
    pages = "57--71",
    year = "1997",
    Note = {[Erratum: Z.Phys.C 75, 580 (1997)]. \href{http://cds.cern.ch/record/318089}{CERN-PPE-96-195}}
}

@article{Dittmar:1989yg,
    author = "Dittmar, M. and Santamaria, A. and Gonzalez-Garcia, M. C. and Valle, J. W. F.",
    title = "{Production Mechanisms and Signatures of Isosinglet Neutral Heavy Leptons in $Z^0$ Decays}",
    reportNumber = "CERN-EP/89-50, CMU-HEP89-07, FTUV-27/88",
    doi = "10.1016/0550-3213(90)90028-C",
    journal = "Nucl. Phys. B",
    volume = "332",
    pages = "1--19",
    year = "1990"
}


@article{Bondarenko:2018ptm,
    author = "Bondarenko, Kyrylo and Boyarsky, Alexey and Gorbunov, Dmitry and Ruchayskiy, Oleg",
    title = "{Phenomenology of GeV-scale Heavy Neutral Leptons}",
    eprint = "1805.08567",
    archivePrefix = "arXiv",
    primaryClass = "hep-ph",
    doi = "10.1007/JHEP11(2018)032",
    journal = "JHEP",
    volume = "11",
    pages = "032",
    year = "2018",
    NOTE={\href{https://arxiv.org/abs/1805.08567}{arXiv:1805.08567}}
}

@book{Valle:2015pba,
    author = "Valle, Jose W. F. and Romao, Jorge C.",
    title = "{Neutrinos in high energy and astroparticle physics}",
    isbn = "978-3-527-41197-9, 978-3-527-67102-1",
    publisher = "Wiley-VCH",
    address = "Weinheim",
    series = "Physics textbook",
    year = "2015"
}


@article{charm,
    author        = "Dorenbosch, J. and others",
    title         = "{A search for decays of heavy neutrinos in the mass range  0.5 - 2.8 GeV}",
    journal       = "Phys. Lett. B",
    collaboration = "CHARM Collaboration",
    reportNumber  = "CERN-EP-85-190",
    volume        = "166",
    pages         = "473-478. 15 p",
    month         = "Nov",
    year          = "1985",
    url           = "https://cds.cern.ch/record/164101",
    doi           = "10.1016/0370-2693(86)91601-1",
    NOTE={\href{https://cds.cern.ch/record/164101}{CERN-EP-85-190}}
}


@article{Gorbunov:2021ccu,
    author = "Gorbunov, Dmitry and Krasnov, Igor and Suvorov, Sergey",
    title = "{Constraints on light scalars from PS191 results}",
    eprint = "2105.11102",
    archivePrefix = "arXiv",
    primaryClass = "hep-ph",
    reportNumber = "INR-TH-2021-012",
    month = "5",
    year = "2021",
    NOTE={\href{https://arxiv.org/abs/2105.11102}{arXiv:2105.11102}}
}


@article{Fradette:2017sdd,
    author = "Fradette, Anthony and Pospelov, Maxim",
    title = "{BBN for the LHC: constraints on lifetimes of the Higgs portal scalars}",
    eprint = "1706.01920",
    archivePrefix = "arXiv",
    primaryClass = "hep-ph",
    doi = "10.1103/PhysRevD.96.075033",
    journal = "Phys. Rev. D",
    volume = "96",
    number = "7",
    pages = "075033",
    year = "2017",
    Note = {\href{https://arxiv.org/abs/1706.01920}{arXiv:1706.01920}}
}


@article{liventsev,
    author = "Liventsev, D. and others",
    collaboration = "Belle",
    title = "{Search for heavy neutrinos at Belle}",
    eprint = "1301.1105",
    archivePrefix = "arXiv",
    primaryClass = "hep-ex",
    reportNumber = "BELLE-PREPRINT-2012-28, KEK-PREPRINT-2012-32",
    doi = "10.1103/PhysRevD.87.071102",
    journal = "Phys. Rev. D",
    volume = "87",
    number = "7",
    pages = "071102",
    year = "2013",
    note = {[Erratum: Phys.Rev.D 95, 099903 (2017)]. \href{https://arxiv.org/abs/1301.1105}{arXiv:1301.1105}}
}


@article{FlavourLatticeAveragingGroup:2019iem,
    author = "Aoki, S. and others",
    collaboration = "Flavour Lattice Averaging Group",
    title = "{FLAG Review 2019: Flavour Lattice Averaging Group (FLAG)}",
    eprint = "1902.08191",
    archivePrefix = "arXiv",
    primaryClass = "hep-lat",
    reportNumber = "FERMILAB-PUB-19-077-T",
    doi = "10.1140/epjc/s10052-019-7354-7",
    journal = "Eur. Phys. J. C",
    volume = "80",
    number = "2",
    pages = "113",
    year = "2020",
    Note = {\href{https://arxiv.org/abs/1902.08191}{arXiv:1902.08191}}
}

@article{Arguelles:2021dqn,
    author = {Arg\"uelles, Carlos A. and Foppiani, Nicol\`o and Hostert, Matheus},
    title = "{Heavy neutral leptons below the kaon mass at hodoscopic detectors}",
    eprint = "2109.03831",
    archivePrefix = "arXiv",
    primaryClass = "hep-ph",
    month = "9",
    year = "2021",
    Note = {\href{https://arxiv.org/abs/2109.03831}{arXiv:2109.03831}}
}

@article{Orloff:2002de,
    author = "Orloff, J. and Rozanov, Alexandre N. and Santoni, C.",
    title = "{Limits on the mixing of tau neutrino to heavy neutrinos}",
    eprint = "hep-ph/0208075",
    archivePrefix = "arXiv",
    reportNumber = "PCCF-RI-0205",
    doi = "10.1016/S0370-2693(02)02769-7",
    journal = "Phys. Lett. B",
    volume = "550",
    pages = "8--15",
    year = "2002",
    NOTE={\href{https://arxiv.org/abs/hep-ph/0208075}{arXiv:0208075}}
}

@article{Boiarska:2021yho,
    author = "Boiarska, Iryna and Boyarsky, Alexey and Mikulenko, Oleksii and Ovchynnikov, Maksym",
    title = "{Constraints from the CHARM experiment on heavy neutral leptons with tau mixing}",
    eprint = "2107.14685",
    archivePrefix = "arXiv",
    primaryClass = "hep-ph",
    doi = "10.1103/PhysRevD.104.095019",
    journal = "Phys. Rev. D",
    volume = "104",
    number = "9",
    pages = "095019",
    year = "2021",
    Note = {\href{https://arxiv.org/abs/2107.14685}{arXiv:2107.14685}}
}


@article{deGouvea:2019qre,
    author = "de Gouv\^ea, Andr\'e and Peres, O. L. G. and Prakash, Suprabh and Stenico, G. V.",
    title = "{On The Decaying-Sterile Neutrino Solution to the Electron (Anti)Neutrino Appearance Anomalies}",
    eprint = "1911.01447",
    archivePrefix = "arXiv",
    primaryClass = "hep-ph",
    reportNumber = "FERMILAB-PUB-19-611-T",
    doi = "10.1007/JHEP07(2020)141",
    journal = "JHEP",
    volume = "07",
    pages = "141",
    year = "2020",
    Note = {\href{https://arxiv.org/abs/1911.01447}{arXiv:1911.01447}}
}


@article{Alvarez-Salazar:2019cxw,
    author = "Alvarez-Salazar, C. E. and Peres, O. L. G.",
    title = "{Constraining the $3-3-1$ model with heavy neutral leptons using $(g-2)_\mu$ and dark matter observables}",
    eprint = "1906.06444",
    archivePrefix = "arXiv",
    primaryClass = "hep-ph",
    doi = "10.1103/PhysRevD.103.035029",
    journal = "Phys. Rev. D",
    volume = "103",
    number = "3",
    pages = "035029",
    year = "2021",
    Note = {\href{https://arxiv.org/abs/1906.06444}{arXiv:1906.06444}}
}

@article{Cline:2013gha,
    author = "Cline, James M. and Kainulainen, Kimmo and Scott, Pat and Weniger, Christoph",
    title = "{Update on scalar singlet dark matter}",
    eprint = "1306.4710",
    archivePrefix = "arXiv",
    primaryClass = "hep-ph",
    doi = "10.1103/PhysRevD.88.055025",
    journal = "Phys. Rev. D",
    volume = "88",
    pages = "055025",
    year = "2013",
    Note = {[Erratum: Phys.Rev.D 92, 039906 (2015)]. \href{https://arxiv.org/abs/1306.4710}{arXiv:1306.4710}}
}

@article{Cline:2021dkf,
    author = "Cline, James M. and Laurent, Benoit",
    title = "{Electroweak baryogenesis from light fermion sources: A critical study}",
    eprint = "2108.04249",
    archivePrefix = "arXiv",
    primaryClass = "hep-ph",
    doi = "10.1103/PhysRevD.104.083507",
    journal = "Phys. Rev. D",
    volume = "104",
    number = "8",
    pages = "083507",
    year = "2021",
    Note = {\href{https://arxiv.org/abs/2108.04249}{arXiv:2108.04249}}
}

@article{acciarri1996search,
  title="{Search for neutral Higgs boson production through the process $e^+ e^-\rightarrow Z^* H^0$}",
  collaboration ="L3",
  author={Acciarri, M and others},
  journal={Physics Letters B},
  volume={385},
  number={1-4},
  pages={454--470},
  year={1996},
  publisher={Elsevier},
  issn = {0370-2693},
  doi = {https://doi.org/10.1016/0370-2693(96)00987-2}
}

@article{cms2012search,
  author = "Chatrchyan, S and others",
  collaboration = "CMS",
  title="{Search for a light pseudoscalar Higgs boson in the dimuon decay channel in pp collisions at $\sqrt{s}$= 7 TeV}",
  eprint = "1206.6326",
  archivePrefix = "arXiv",
  journal = {Phys. Rev. Lett.},
  volume = {109},
  issue = {12},
  pages = {121801},
  numpages = {15},
  year = {2012},
  publisher = {American Physical Society},
  doi = {10.1103/PhysRevLett.109.121801}
}

@article{LHCb:2018cjc,
    author = "Aaij, Roel and others",
    collaboration = "LHCb",
    title = "{Search for a dimuon resonance in the $\Upsilon$ mass region}",
    eprint = "1805.09820",
    archivePrefix = "arXiv",
    primaryClass = "hep-ex",
    reportNumber = "LHCb-PAPER-2018-008, CERN-EP-2018-111, LHCB-PAPER-2018-008",
    doi = "10.1007/JHEP09(2018)147",
    journal = "JHEP",
    volume = "09",
    pages = "147",
    year = "2018",
    Note = {\href{https://arxiv.org/abs/1805.09820}{arXiv:1805.09820}}
}


@article{BaBar:2013lkw,
    author = "Lees, J. P. and others",
    collaboration = "BaBar",
    title = "{Search for a light Higgs boson decaying to two gluons or $s\bar{s}$ in the radiative decays of $\Upsilon(1S)$}",
    eprint = "1307.5306",
    archivePrefix = "arXiv",
    primaryClass = "hep-ex",
    reportNumber = "BABAR-PUB-13-013, SLAC-PUB-15687",
    doi = "10.1103/PhysRevD.88.031701",
    journal = "Phys. Rev. D",
    volume = "88",
    number = "3",
    pages = "031701",
    year = "2013",
    Note = {\href{https://arxiv.org/abs/1307.5306}{arXiv:1307.5306}}
}

@article{Graverini:2133817,
      author        = "Graverini, Elena and Van Herwijnen, Eric and Ruf, Thomas",
      title         = "{Mass dependence of branching ratios into HNL for
                       FairShip}",
      collaboration = "SHiP Collaboration",
      month         = "Feb",
      year          = "2016",
      url           = "https://cds.cern.ch/record/2133817",
      Note = {\href{https://cds.cern.ch/record/2133817}{CERN-SHiP-NOTE-2016-001}}
}

@article{SHiP:2018xqw,
    author = "Ahdida, C. and others",
    collaboration = "SHiP",
    title = "{Sensitivity of the SHiP experiment to Heavy Neutral Leptons}",
    eprint = "1811.00930",
    archivePrefix = "arXiv",
    primaryClass = "hep-ph",
    doi = "10.1007/JHEP04(2019)077",
    journal = "JHEP",
    volume = "04",
    pages = "077",
    year = "2019",
    Note = {\href{https://arxiv.org/abs/1811.00930}{arXiv:1811.00930}}
}

@article{CERN-SHiP-NOTE-2015-009,
      author        = "Dijkstra, H. and Ruf, T. ",
      title         = "{Heavy Flavour Cascade Production in a Beam Dump}",
      collaboration = "SHiP Collaboration",
      month         = "Dec",
      year          = "2015",
      journal       = "",
      url           = "https://cds.cern.ch/record/2115534",
      Note = {\href{https://cds.cern.ch/record/2115534}{CERN-SHiP-NOTE-2015-009}}
}

@article{Breitbach:2021gvv,
    author = "Breitbach, Moritz and Buonocore, Luca and Frugiuele, Claudia and Kopp, Joachim and Mittnacht, Lukas",
    title = "{Searching for physics beyond the Standard Model in an off-axis DUNE near detector}",
    eprint = "2102.03383",
    archivePrefix = "arXiv",
    primaryClass = "hep-ph",
    reportNumber = "MITP-21-004, ZU-TH-5/21, CERN-TH-2021-018",
    doi = "10.1007/JHEP01(2022)048",
    journal = "JHEP",
    volume = "01",
    pages = "048",
    year = "2022",
    Note = {\href{https://arxiv.org/abs/2102.03383}{arXiv:2102.03383}}
}

@article{Cline:2020gon,
    author = "Cline, James M. and Gambini, Guillermo and Mcdermott, Samuel D. and Puel, Matteo",
    title = "{Late-Time Dark Matter Oscillations and the Core-Cusp Problem}",
    eprint = "2010.12583",
    archivePrefix = "arXiv",
    primaryClass = "hep-ph",
    reportNumber = "FNAL-PUB-20-556-T, FERMILAB-PUB-20-556-T",
    doi = "10.1007/JHEP04(2021)223",
    journal = "JHEP",
    volume = "04",
    pages = "223",
    year = "2021",
    Note = {\href{https://arxiv.org/abs/2010.12583}{arXiv:2010.12583}}
}

% --------- OADM - NEW ----------------

@article{L3:1992xaz,
    author = "Adriani, O. and others",
    collaboration = "L3",
    title = "{Search for isosinglet neutral heavy leptons in Z0 decays}",
    reportNumber = "CERN-PPE-92-164",
    doi = "10.1016/0370-2693(92)91579-X",
    journal = "Phys. Lett. B",
    volume = "295",
    pages = "371--382",
    year = "1992"
}

@article{L3:2001zfe,
    author = "Achard, P. and others",
    collaboration = "L3",
    title = "{Search for heavy isosinglet neutrino in $e^{+} e^{-}$ annihilation at LEP}",
    eprint = "hep-ex/0107014",
    archivePrefix = "arXiv",
    reportNumber = "CERN-EP-2001-045",
    doi = "10.1016/S0370-2693(01)00993-5",
    journal = "Phys. Lett. B",
    volume = "517",
    pages = "67--74",
    year = "2001"
}

@article{L3:2001xsz,
    author = "Achard, P. and others",
    collaboration = "L3",
    title = "{Search for heavy neutral and charged leptons in $e^{+} e^{-}$ annihilation at LEP}",
    eprint = "hep-ex/0107015",
    archivePrefix = "arXiv",
    reportNumber = "CERN-EP-2001-046",
    doi = "10.1016/S0370-2693(01)01005-X",
    journal = "Phys. Lett. B",
    volume = "517",
    pages = "75--85",
    year = "2001"
}

@article{Pais:1975dg,
    author = "Pais, A. and Treiman, S. B.",
    title = "{Neutral Heavy Leptons as a Source for Dimuon Events: A Criterion}",
    reportNumber = "Print-75-0706 (BROOKHAVEN)",
    doi = "10.1103/PhysRevLett.35.1206",
    journal = "Phys. Rev. Lett.",
    volume = "35",
    pages = "1206",
    year = "1975"
}

@article{NuTeV:1999kej,
    author = "Vaitaitis, A. and others",
    collaboration = "NuTeV, E815",
    title = "{Search for neutral heavy leptons in a high-energy neutrino beam}",
    eprint = "hep-ex/9908011",
    archivePrefix = "arXiv",
    reportNumber = "FERMILAB-PUB-99-223-E",
    doi = "10.1103/PhysRevLett.83.4943",
    journal = "Phys. Rev. Lett.",
    volume = "83",
    pages = "4943--4946",
    year = "1999"
}

@article{Asaka:2012bb,
    author = "Asaka, Takehiko and Eijima, Shintaro and Watanabe, Atsushi",
    title = "{Heavy neutrino search in accelerator-based experiments}",
    eprint = "1212.1062",
    archivePrefix = "arXiv",
    primaryClass = "hep-ph",
    doi = "10.1007/JHEP03(2013)125",
    journal = "JHEP",
    volume = "03",
    pages = "125",
    year = "2013"
}

@article{MicroBooNE:2019izn,
    author = "Abratenko, P. and others",
    collaboration = "MicroBooNE",
    title = "{Search for Heavy Neutral Leptons Decaying into Muon-Pion Pairs in the MicroBooNE Detector}",
    eprint = "1911.10545",
    archivePrefix = "arXiv",
    primaryClass = "hep-ex",
    reportNumber = "FERMILAB-PUB-19-581-ND",
    doi = "10.1103/PhysRevD.101.052001",
    journal = "Phys. Rev. D",
    volume = "101",
    number = "5",
    pages = "052001",
    year = "2020"
}

@article{Bonivento:2013jag,
    author = "Bonivento, W. and others",
    title = "{Proposal to Search for Heavy Neutral Leptons at the SPS}",
    eprint = "1310.1762",
    archivePrefix = "arXiv",
    primaryClass = "hep-ex",
    reportNumber = "CERN-SPSC-2013-024, SPSC-EOI-010",
    month = "10",
    year = "2013"
}

@article{Gninenko:2012anz,
    author = "Gninenko, S. N. and Gorbunov, D. S. and Shaposhnikov, M. E.",
    title = "{Search for GeV-scale sterile neutrinos responsible for active neutrino oscillations and baryon asymmetry of the Universe}",
    eprint = "1301.5516",
    archivePrefix = "arXiv",
    primaryClass = "hep-ph",
    doi = "10.1155/2012/718259",
    journal = "Adv. High Energy Phys.",
    volume = "2012",
    pages = "718259",
    year = "2012"
}

@article{Drewes:2018gkc,
    author = "Drewes, Marco and Hajer, Jan and Klaric, Juraj and Lanfranchi, Gaia",
    title = "{NA62 sensitivity to heavy neutral leptons in the low scale seesaw model}",
    eprint = "1801.04207",
    archivePrefix = "arXiv",
    primaryClass = "hep-ph",
    doi = "10.1007/JHEP07(2018)105",
    journal = "JHEP",
    volume = "07",
    pages = "105",
    year = "2018"
}

@article{Sabti:2020yrt,
    author = "Sabti, Nashwan and Magalich, Andrii and Filimonova, Anastasiia",
    title = "{An Extended Analysis of Heavy Neutral Leptons during Big Bang Nucleosynthesis}",
    eprint = "2006.07387",
    archivePrefix = "arXiv",
    primaryClass = "hep-ph",
    reportNumber = "KCL-2020-09",
    doi = "10.1088/1475-7516/2020/11/056",
    journal = "JCAP",
    volume = "11",
    pages = "056",
    year = "2020"
}

@article{Dolgov:2000jw,
    author = "Dolgov, A. D. and Hansen, S. H. and Raffelt, G. and Semikoz, D. V.",
    title = "{Heavy sterile neutrinos: Bounds from big bang nucleosynthesis and SN1987A}",
    eprint = "hep-ph/0008138",
    archivePrefix = "arXiv",
    doi = "10.1016/S0550-3213(00)00566-6",
    journal = "Nucl. Phys. B",
    volume = "590",
    pages = "562--574",
    year = "2000"
}

@article{Boyarsky:2020dzc,
    author = "Boyarsky, Alexey and Ovchynnikov, Maksym and Ruchayskiy, Oleg and Syvolap, Vsevolod",
    title = "{Improved big bang nucleosynthesis constraints on heavy neutral leptons}",
    eprint = "2008.00749",
    archivePrefix = "arXiv",
    primaryClass = "hep-ph",
    doi = "10.1103/PhysRevD.104.023517",
    journal = "Phys. Rev. D",
    volume = "104",
    number = "2",
    pages = "023517",
    year = "2021"
}

@article{Bondarenko:2021cpc,
    author = "Bondarenko, Kyrylo and Boyarsky, Alexey and Klaric, Juraj and Mikulenko, Oleksii and Ruchayskiy, Oleg and Syvolap, Vsevolod and Timiryasov, Inar",
    title = "{An allowed window for heavy neutral leptons below the kaon mass}",
    eprint = "2101.09255",
    archivePrefix = "arXiv",
    primaryClass = "hep-ph",
    doi = "10.1007/JHEP07(2021)193",
    journal = "JHEP",
    volume = "07",
    pages = "193",
    year = "2021"
}

@article{Asaka:2005an,
    author = "Asaka, Takehiko and Blanchet, Steve and Shaposhnikov, Mikhail",
    title = "{The nuMSM, dark matter and neutrino masses}",
    eprint = "hep-ph/0503065",
    archivePrefix = "arXiv",
    doi = "10.1016/j.physletb.2005.09.070",
    journal = "Phys. Lett. B",
    volume = "631",
    pages = "151--156",
    year = "2005"
}

@article{Asaka:2005pn,
    author = "Asaka, Takehiko and Shaposhnikov, Mikhail",
    title = "{The $\nu$MSM, dark matter and baryon asymmetry of the universe}",
    eprint = "hep-ph/0505013",
    archivePrefix = "arXiv",
    doi = "10.1016/j.physletb.2005.06.020",
    journal = "Phys. Lett. B",
    volume = "620",
    pages = "17--26",
    year = "2005"
}

@article{Boyarsky:2009ix,
    author = "Boyarsky, Alexey and Ruchayskiy, Oleg and Shaposhnikov, Mikhail",
    title = "{The Role of sterile neutrinos in cosmology and astrophysics}",
    eprint = "0901.0011",
    archivePrefix = "arXiv",
    primaryClass = "hep-ph",
    doi = "10.1146/annurev.nucl.010909.083654",
    journal = "Ann. Rev. Nucl. Part. Sci.",
    volume = "59",
    pages = "191--214",
    year = "2009"
}

@article{CMS:2018iaf,
    author = "Sirunyan, Albert M and others",
    collaboration = "CMS",
    title = "{Search for heavy neutral leptons in events with three charged leptons in proton-proton collisions at $\sqrt{s} =$ 13 TeV}",
    eprint = "1802.02965",
    archivePrefix = "arXiv",
    primaryClass = "hep-ex",
    reportNumber = "CMS-EXO-17-012, CERN-EP-2018-006",
    doi = "10.1103/PhysRevLett.120.221801",
    journal = "Phys. Rev. Lett.",
    volume = "120",
    number = "22",
    pages = "221801",
    year = "2018"
}

@article{ATLAS:2019kpx,
    author = "Aad, Georges and others",
    collaboration = "ATLAS",
    title = "{Search for heavy neutral leptons in decays of $W$ bosons produced in 13 TeV $pp$ collisions using prompt and displaced signatures with the ATLAS detector}",
    eprint = "1905.09787",
    archivePrefix = "arXiv",
    primaryClass = "hep-ex",
    reportNumber = "CERN-EP-2019-071",
    doi = "10.1007/JHEP10(2019)265",
    journal = "JHEP",
    volume = "10",
    pages = "265",
    year = "2019"
}

@article{DeVries:2020jbs,
    author = {De Vries, Jordy and Dreiner, Herbert K. and G\"unther, Julian Y. and Wang, Zeren Simon and Zhou, Guanghui},
    title = "{Long-lived Sterile Neutrinos at the LHC in Effective Field Theory}",
    eprint = "2010.07305",
    archivePrefix = "arXiv",
    primaryClass = "hep-ph",
    reportNumber = "APCTP Pre2020-027, BONN-TH-2020-10, RBRC-1328",
    doi = "10.1007/JHEP03(2021)148",
    journal = "JHEP",
    volume = "03",
    pages = "148",
    year = "2021"
}

@article{Poulin:2016nat,
    author = "Poulin, Vivian and Serpico, Pasquale D. and Lesgourgues, Julien",
    title = "{A fresh look at linear cosmological constraints on a decaying dark matter component}",
    eprint = "1606.02073",
    archivePrefix = "arXiv",
    primaryClass = "astro-ph.CO",
    reportNumber = "LAPTH-027-16",
    doi = "10.1088/1475-7516/2016/08/036",
    journal = "JCAP",
    volume = "08",
    pages = "036",
    year = "2016"
}

@article{Cohen:2009fz,
    author = "Cohen, Timothy and Zurek, Kathryn M.",
    title = "{Leptophilic Dark Matter from the Lepton Asymmetry}",
    eprint = "0909.2035",
    archivePrefix = "arXiv",
    primaryClass = "hep-ph",
    reportNumber = "FERMILAB-PUB-09-426-T, MCTP-09-45",
    doi = "10.1103/PhysRevLett.104.101301",
    journal = "Phys. Rev. Lett.",
    volume = "104",
    pages = "101301",
    year = "2010",
    Note= {\href{https://arxiv.org/abs/0909.2035}{arXiv:0909.2035}}
}

@article{Kaplinghat:2000vt,
    author = "Kaplinghat, Manoj and Knox, Lloyd and Turner, Michael S.",
    title = "{Annihilating the cold dark matter cusp crisis}",
    eprint = "astro-ph/0005210",
    archivePrefix = "arXiv",
    doi = "10.1103/PhysRevLett.85.3335",
    journal = "Phys. Rev. Lett.",
    volume = "85",
    pages = "3335",
    year = "2000"
}

% --------- new Decaying dark matter -------

@article{Kaplinghat:2015aga,
    author = "Kaplinghat, Manoj and Tulin, Sean and Yu, Hai-Bo",
    title = "{Dark Matter Halos as Particle Colliders: Unified Solution to Small-Scale Structure Puzzles from Dwarfs to Clusters}",
    eprint = "1508.03339",
    archivePrefix = "arXiv",
    primaryClass = "astro-ph.CO",
    doi = "10.1103/PhysRevLett.116.041302",
    journal = "Phys. Rev. Lett.",
    volume = "116",
    number = "4",
    pages = "041302",
    year = "2016",
    Note = {\href{https://arxiv.org/abs/1508.03339}{arXiv:1508.03339}}}
    
@article{Tulin:2017ara,
    author = "Tulin, Sean and Yu, Hai-Bo",
    title = "{Dark Matter Self-interactions and Small Scale Structure}",
    eprint = "1705.02358",
    archivePrefix = "arXiv",
    primaryClass = "hep-ph",
    doi = "10.1016/j.physrep.2017.11.004",
    journal = "Phys. Rept.",
    volume = "730",
    pages = "1--57",
    year = "2018",
    Note = {\href{https://arxiv.org/abs/1705.02358}{arXiv:1705.02358}}}
    
@article{McDermott:2017vyk,
    author = "McDermott, Samuel D.",
    title = "{Is Self-Interacting Dark Matter Undergoing Dark Fusion?}",
    eprint = "1711.00857",
    archivePrefix = "arXiv",
    primaryClass = "hep-ph",
    reportNumber = "FERMILAB-PUB-17-483-A-T",
    doi = "10.1103/PhysRevLett.120.221806",
    journal = "Phys. Rev. Lett.",
    volume = "120",
    number = "22",
    pages = "221806",
    year = "2018",
    Note = {\href{https://arxiv.org/abs/1711.00857}{arXiv:1711.00857}}
    }

@article{Lindner:2020kko,
    author = "Lindner, Manfred and Mambrini, Yann and de Melo, T\'essio B. and Queiroz, Farinaldo S.",
    title = "{XENON1T anomaly: A light Z' from a Two Higgs Doublet Model}",
    eprint = "2006.14590",
    archivePrefix = "arXiv",
    primaryClass = "hep-ph",
    reportNumber = "IIP-2020",
    doi = "10.1016/j.physletb.2020.135972",
    journal = "Phys. Lett. B",
    volume = "811",
    pages = "135972",
    year = "2020",
    Note = {\href{https://arxiv.org/abs/2006.14590}{arXiv:2006.14590}}
    }
    

@article{Ge:2021cjz,
    author = "Ge, Shao-Feng and Ma, Xiao-Dong and Pasquini, Pedro",
    title = "{Probing the dark axion portal with muon anomalous magnetic moment}",
    eprint = "2104.03276",
    archivePrefix = "arXiv",
    primaryClass = "hep-ph",
    doi = "10.1140/epjc/s10052-021-09571-1",
    journal = "Eur. Phys. J. C",
    volume = "81",
    number = "9",
    pages = "787",
    year = "2021",
    Note = {\href{https://arxiv.org/abs/2104.03276}{arXiv:2104.03276}}
}

@article{Ge:2021snv,
    author = "Ge, Shao-Feng and Pasquini, Pedro and Sheng, Jie",
    title = "{Solar Active-Sterile Neutrino Conversion with Atomic Effects at Dark Matter Direct Detection Experiments}",
    eprint = "2112.05560",
    archivePrefix = "arXiv",
    primaryClass = "hep-ph",
    journal = " ",
    volume = "",
    number = "",
    month = "12",
    year = "2021",
    Note = {\href{https://arxiv.org/abs/2112.05560}{arXiv:2112.05560}}
}

@article{Cline:2019snp,
    author = "Cline, James M. and Gross, Christian and Xue, Wei",
    title = "{Can the ANITA anomalous events be due to new physics?}",
    eprint = "1904.13396",
    archivePrefix = "arXiv",
    primaryClass = "hep-ph",
    reportNumber = "CERN-TH-2019-057",
    doi = "10.1103/PhysRevD.100.015031",
    journal = "Phys. Rev. D",
    volume = "100",
    number = "1",
    pages = "015031",
    year = "2019",
    Note = {\href{https://arxiv.org/abs/1904.13396}{arXiv:1904.13396}}
}

@article{Sam,
  title = {{Constraining the Self-Interacting Neutrino Interpretation of the Hubble Tension}},
  author = {Blinov, Nikita and Kelly, Kevin J. and Krnjaic, Gordan and McDermott, Samuel D.},
  journal = {Phys. Rev. Lett.},
  volume = {123},
  issue = {19},
  pages = {191102},
  numpages = {7},
  year = {2019},
  month = {Nov},
  publisher = {American Physical Society},
  doi = {10.1103/PhysRevLett.123.191102},
  url = {https://link.aps.org/doi/10.1103/PhysRevLett.123.191102},
  Note = {\href{https://arxiv.org/abs/1905.02727}{arXiv:1905.02727}}
}

@article{Alcaniz:2019kah,
    author = "Alcaniz, Jailson and Bernal, Nicol\'as and Masiero, Antonio and Queiroz, Farinaldo S.",
    title = "{Light dark matter: A common solution to the lithium and H$_0$ problems}",
    eprint = "1912.05563",
    archivePrefix = "arXiv",
    primaryClass = "astro-ph.CO",
    reportNumber = "PI/UAN-2019-662FT,IIPDM-2019",
    doi = "10.1016/j.physletb.2020.136008",
    journal = "Phys. Lett. B",
    volume = "812",
    pages = "136008",
    year = "2021",
    Note = {\href{https://arxiv.org/abs/1912.05563}{arXiv:1912.05563}}
}

@article{Blinov:2020uvz,
    author = "Blinov, Nikita and Keith, Celeste and Hooper, Dan",
    title = "{Warm Decaying Dark Matter and the Hubble Tension}",
    eprint = "2004.06114",
    archivePrefix = "arXiv",
    primaryClass = "astro-ph.CO",
    reportNumber = "FERMILAB-PUB-20-152-A",
    doi = "10.1088/1475-7516/2020/06/005",
    journal = "JCAP",
    volume = "06",
    pages = "005",
    year = "2020",
    Note = {\href{https://arxiv.org/abs/2004.06114}{arXiv:2004.06114}}
}

@article{Abellan:2020pmw,
    author = "Abell\'an, Guillermo Franco and Murgia, Riccardo and Poulin, Vivian and Lavalle, Julien",
    title = "{Implications of the $S_8$ tension for decaying dark matter with warm decay products}",
    eprint = "2008.09615",
    archivePrefix = "arXiv",
    primaryClass = "astro-ph.CO",
    doi = "10.1103/PhysRevD.105.063525",
    journal = "Phys. Rev. D",
    volume = "105",
    number = "6",
    pages = "063525",
    year = "2022",
    Note = {\href{https://arxiv.org/abs/2008.09615}{arXiv:2008.09615}}
}


@article{Cirelli:2024ssz,
    author = "Cirelli, Marco and Strumia, Alessandro and Zupan, Jure",
    title = "{Dark Matter}",
    eprint = "2406.01705",
    archivePrefix = "arXiv",
    primaryClass = "hep-ph",
    month = "6",
    year = "2024",
    Note = {\href{https://arxiv.org/abs/2406.01705}{arXiv:2406.01705}}
}


@article{Singer:1980sw,
    author = "Singer, M. and Valle, J. W. F. and Schechter, J.",
    title = "{Canonical Neutral Current Predictions From the Weak Electromagnetic Gauge Group SU(3) X $u$(1)}",
    reportNumber = "SU-4217-162, COO-3533-162",
    doi = "10.1103/PhysRevD.22.738",
    journal = "Phys. Rev. D",
    volume = "22",
    pages = "738",
    year = "1980"
}


@article{Escudero:2021rfi,
    author = "Escudero, Miguel and Witte, Samuel J.",
    title = "{The Hubble tension as a hint of leptogenesis and neutrino mass generation}",
    eprint = "2103.03249",
    archivePrefix = "arXiv",
    primaryClass = "hep-ph",
    reportNumber = "TUM-HEP 1318/21",
    doi = "10.1140/epjc/s10052-021-09276-5",
    journal = "Eur. Phys. J. C",
    volume = "81",
    number = "6",
    pages = "515",
    year = "2021",
    Note = {\href{https://arxiv.org/abs/2103.03249}{arXiv:2103.03249}}
}


@article{Riess:2011yx,
    author = "Riess, Adam G. and Macri, Lucas and Casertano, Stefano and Lampeitl, Hubert and Ferguson, Henry C. and Filippenko, Alexei V. and Jha, Saurabh W. and Li, Weidong and Chornock, Ryan",
    title = "{A 3\% Solution: Determination of the Hubble Constant with the Hubble Space Telescope and Wide Field Camera 3}",
    eprint = "1103.2976",
    archivePrefix = "arXiv",
    primaryClass = "astro-ph.CO",
    doi = "10.1088/0004-637X/732/2/129",
    journal = "Astrophys. J.",
    volume = "730",
    pages = "119",
    year = "2011",
    note = {[Erratum: Astrophys.J. 732, 129 (2011)]. \href{https://arxiv.org/abs/1103.2976}{arXiv:1103.2976}}
}

@article{Heymans:2013fya,
    author = "Heymans, Catherine and others",
    title = "{CFHTLenS tomographic weak lensing cosmological parameter constraints: Mitigating the impact of intrinsic galaxy alignments}",
    eprint = "1303.1808",
    archivePrefix = "arXiv",
    primaryClass = "astro-ph.CO",
    doi = "10.1093/mnras/stt601",
    journal = "Mon. Not. Roy. Astron. Soc.",
    volume = "432",
    pages = "2433",
    year = "2013",
    Note = {\href{https://arxiv.org/abs/1303.1808}{arXiv:1303.1808}}
}


@article{Planck:2015lwi,
    author = "Ade, P. A. R. and others",
    collaboration = "Planck",
    title = "{Planck 2015 results. XXIV. Cosmology from Sunyaev-Zeldovich cluster counts}",
    eprint = "1502.01597",
    archivePrefix = "arXiv",
    primaryClass = "astro-ph.CO",
    doi = "10.1051/0004-6361/201525833",
    journal = "Astron. Astrophys.",
    volume = "594",
    pages = "A24",
    year = "2016",
    Note = {\href{https://arxiv.org/abs/1502.01597}{arXiv:1502.01597}}
}
@article{Riess:2016jrr,
    author = "Riess, Adam G. and others",
    title = "{A 2.4\% Determination of the Local Value of the Hubble Constant}",
    eprint = "1604.01424",
    archivePrefix = "arXiv",
    primaryClass = "astro-ph.CO",
    doi = "10.3847/0004-637X/826/1/56",
    journal = "Astrophys. J.",
    volume = "826",
    number = "1",
    pages = "56",
    year = "2016",
    Note = {\href{https://arxiv.org/abs/1604.01424}{arXiv:1604.01424}}
}
@article{Davidson:2009ha,
    author = "Davidson, Shainen M. and Logan, Heather E.",
    title = "{Dirac neutrinos from a second Higgs doublet}",
    eprint = "0906.3335",
    archivePrefix = "arXiv",
    primaryClass = "hep-ph",
    doi = "10.1103/PhysRevD.80.095008",
    journal = "Phys. Rev. D",
    volume = "80",
    pages = "095008",
    year = "2009",
    Note = {\href{https://arxiv.org/abs/0906.3335}{arXiv:0906.3335}}
}

@article{Chikashige:1980ui,
    author = "Chikashige, Y. and Mohapatra, Rabindra N. and Peccei, R. D.",
    title = "{Are There Real Goldstone Bosons Associated with Broken Lepton Number?}",
    reportNumber = "MPI-PAE-PTH-36-80",
    doi = "10.1016/0370-2693(81)90011-3",
    journal = "Phys. Lett. B",
    volume = "98",
    pages = "265--268",
    year = "1981"
}


@article{Akhmedov:1992et,
    author = "Akhmedov, Evgeny K. and Berezhiani, Zurab G. and Senjanovic, Goran and Tao, Zhi-jian",
    title = "{Planck scale effects in neutrino physics}",
    eprint = "hep-ph/9208230",
    archivePrefix = "arXiv",
    reportNumber = "LMU-09-92, IC-92-196, SISSA-140-92-EP",
    doi = "10.1103/PhysRevD.47.3245",
    journal = "Phys. Rev. D",
    volume = "47",
    pages = "3245--3253",
    year = "1993",
    Note = {\href{https://arxiv.org/abs/9208230}{arXiv:9208230}}
}

@article{Costa:2019zzy,
    author = "Costa, Davi B. and Dobrescu, Bogdan A. and Fox, Patrick J.",
    title = "{General Solution to the U(1) Anomaly Equations}",
    eprint = "1905.13729",
    archivePrefix = "arXiv",
    primaryClass = "hep-th",
    reportNumber = "FERMILAB-PUB-19-252-T",
    doi = "10.1103/PhysRevLett.123.151601",
    journal = "Phys. Rev. Lett.",
    volume = "123",
    number = "15",
    pages = "151601",
    year = "2019",
    Note = {\href{https://arxiv.org/abs/1905.13729}{arXiv:1905.13729}}
}
@article{pdg,
    author = {Particle Data Group},
    title = "{Review of Particle Physics}",
    journal = {Progress of Theoretical and Experimental Physics},
    volume = {2020},
    number = {8},
    year = {2020},
    month = {08},
    issn = {2050-3911},
    doi = {10.1093/ptep/ptaa104},
    url = {https://doi.org/10.1093/ptep/ptaa104},
    note = {083C01},
    eprint = {https://academic.oup.com/ptep/article-pdf/2020/8/083C01/34673722/ptaa104.pdf}
}

@article{ParticleDataGroup:2024cfk,
    author = "Navas, S. and others",
    collaboration = "Particle Data Group",
    title = "{Review of particle physics}",
    doi = "10.1103/PhysRevD.110.030001",
    journal = "Phys. Rev. D",
    volume = "110",
    number = "3",
    pages = "030001",
    year = "2024"
}

@article{esteban2020fate,
  title={The fate of hints: updated global analysis of three-flavor neutrino oscillations},
  author={Esteban, Ivan and Gonz{\'a}lez-Garc{\'\i}a, Maria Concepti{\'o}n and Maltoni, Michele and Schwetz, Thomas and Zhou, Albert},
  journal={Journal of High Energy Physics},
  volume={2020},
  number={9},
  pages={1--22},
  year={2020},
  publisher={Springer},
  Note = {\href{https://arxiv.org/abs/2007.14792}{arXiv:2007.14792}}
}
@book{Kolb:1990vq,
    author = "Kolb, Edward W. and Turner, Michael S.",
    title = "{The Early Universe}",
    doi = "10.1201/9780429492860",
    isbn = "978-0-201-62674-2",
    volume = "69",
    year = "1990",
    publisher = ""
}

@article{SNO:2001kpb,
    author = "Ahmad, Q. R. and others",
    collaboration = "SNO",
    title = "{Measurement of the rate of $\nu_e+d \to p+p+e^-$ interactions produced by $^8$B solar neutrinos at the Sudbury Neutrino Observatory}",
    eprint = "nucl-ex/0106015",
    archivePrefix = "arXiv",
    reportNumber = "UPR-0240E",
    doi = "10.1103/PhysRevLett.87.071301",
    journal = "Phys. Rev. Lett.",
    volume = "87",
    pages = "071301",
    year = "2001"
}

@article{paczynski1986gravitational,
  title={Gravitational microlensing by the galactic halo},
  author={Paczynski, Bohdan},
  journal={The Astrophysical Journal},
  volume={304},
  pages={1--5},
  year={1986}
}


@article{Super-Kamiokande:1998kpq,
    author = "Fukuda, Y. and others",
    collaboration = "Super-Kamiokande",
    title = "{Evidence for oscillation of atmospheric neutrinos}",
    eprint = "hep-ex/9807003",
    archivePrefix = "arXiv",
    reportNumber = "BU-98-17, ICRR-REPORT-422-98-18, UCI-98-8, KEK-PREPRINT-98-95, LSU-HEPA-5-98, UMD-98-003, SBHEP-98-5, TKU-PAP-98-06, TIT-HPE-98-09",
    doi = "10.1103/PhysRevLett.81.1562",
    journal = "Phys. Rev. Lett.",
    volume = "81",
    pages = "1562--1567",
    year = "1998"
}

@article{Carneiro:2018xwq,
    author = "Carneiro, S. and de Holanda, P. C. and Pigozzo, C. and Sobreira, F.",
    title = "{Is the $H_0$ tension suggesting a fourth neutrino generation?}",
    eprint = "1812.06064",
    archivePrefix = "arXiv",
    primaryClass = "astro-ph.CO",
    doi = "10.1103/PhysRevD.100.023505",
    journal = "Phys. Rev. D",
    volume = "100",
    number = "2",
    pages = "023505",
    year = "2019",
    Note = {\href{https://arxiv.org/abs/1812.06064}{arXiv:1812.06064}}
}

@article{Enqvist:2015ara,
    author = "Enqvist, Kari and Nadathur, Seshadri and Sekiguchi, Toyokazu and Takahashi, Tomo",
    title = "{Decaying dark matter and the tension in $\sigma_8$}",
    eprint = "1505.05511",
    archivePrefix = "arXiv",
    primaryClass = "astro-ph.CO",
    reportNumber = "HIP-2015-16-TH",
    doi = "10.1088/1475-7516/2015/09/067",
    journal = "JCAP",
    volume = "09",
    pages = "067",
    year = "2015",
    Note = {\href{https://arxiv.org/abs/1505.05511}{arXiv:1505.05511}}
}

@article{Nesseris:2019fwr,
    author = "Nesseris, Savvas and Sapone, Domenico and Sypsas, Spyros",
    title = "{Evaporating primordial black holes as varying dark energy}",
    eprint = "1907.05608",
    archivePrefix = "arXiv",
    primaryClass = "astro-ph.CO",
    reportNumber = "IFT-UAM/CSIC-19-99",
    doi = "10.1016/j.dark.2019.100413",
    journal = "Phys. Dark Univ.",
    volume = "27",
    pages = "100413",
    year = "2020",
    Note = {\href{https://arxiv.org/abs/1907.05608}{arXiv:1907.05608}}
}

@article{DiValentino:2021izs,
    author = "Di Valentino, Eleonora and Mena, Olga and Pan, Supriya and Visinelli, Luca and Yang, Weiqiang and Melchiorri, Alessandro and Mota, David F. and Riess, Adam G. and Silk, Joseph",
    title = "{In the realm of the Hubble tension\textemdash{}a review of solutions}",
    eprint = "2103.01183",
    archivePrefix = "arXiv",
    primaryClass = "astro-ph.CO",
    reportNumber = "IPPP/20/108",
    doi = "10.1088/1361-6382/ac086d",
    journal = "Class. Quant. Grav.",
    volume = "38",
    number = "15",
    pages = "153001",
    year = "2021",
    Note = {\href{https://arxiv.org/abs/2103.01183}{arXiv:2103.01183}}
}

@article{schechter1982neutrino,
  title={Neutrino decay and spontaneous violation of lepton number},
  author={Schechter, J and Valle, Jos{\'e} WF},
  journal={Physical Review D},
  volume={25},
  number={3},
  pages={774},
  year={1982},
  publisher={APS}
}

@article{Cline:2022gcg,
  title = {Constraints on heavy neutral leptons interacting with a singlet scalar},
  author = {Cline, James M. and Gambini, Guillermo},
  journal = {Phys. Rev. D},
  volume = {105},
  issue = {11},
  pages = {115035},
  numpages = {14},
  year = {2022},
  month = {Jun},
  publisher = {American Physical Society},
  doi = {10.1103/PhysRevD.105.115035},
  url = {https://link.aps.org/doi/10.1103/PhysRevD.105.115035},
  Note = {\href{https://arxiv.org/abs/2203.08166}{arXiv:2203.08166}}
}


@book{lancaster1985theory,
  title={The theory of matrices: with applications},
  author={Lancaster, Peter and Tismenetsky, Miron},
  year={1985},
  publisher={Elsevier}
}

@book{mccartin2009rayleigh,
  title={Rayleigh-Schr{\"o}dinger perturbation theory: Pseudoinverse formulation},
  author={McCartin, Brian J},
  year={2009},
  publisher={Hikari Limited Bulgaria}
}

@article{Audren:2014bca,
    author = "Audren, Benjamin and Lesgourgues, Julien and Mangano, Gianpiero and Serpico, Pasquale Dario and Tram, Thomas",
    title = "{Strongest model-independent bound on the lifetime of Dark Matter}",
    eprint = "1407.2418",
    archivePrefix = "arXiv",
    primaryClass = "astro-ph.CO",
    reportNumber = "CERN-PH-TH-2014-105, LAPTH-046-14",
    doi = "10.1088/1475-7516/2014/12/028",
    journal = "JCAP",
    volume = "12",
    pages = "028",
    year = "2014",
    Note = {\href{https://arxiv.org/abs/1407.2418}{arXiv:1407.2418}}
}

@article{Planck:2018vyg,
    author = "Aghanim, N. and others",
    collaboration = "Planck",
    title = "{Planck 2018 results. VI. Cosmological parameters}",
    eprint = "1807.06209",
    archivePrefix = "arXiv",
    primaryClass = "astro-ph.CO",
    doi = "10.1051/0004-6361/201833910",
    journal = "Astron. Astrophys.",
    volume = "641",
    pages = "A6",
    year = "2020",
    note = {[Erratum: Astron.Astrophys. 652, C4 (2021)]. \href{https://arxiv.org/abs/1807.06209}{arXiv:1807.06209}}
}

@article{lattanzi2007decaying,
  title={Decaying warm dark matter and neutrino masses},
  author={Lattanzi, Massimiliano and Valle, Jos{\'e} W. F.},
  journal={Phys. Rev. Lett.},
  volume={99},
  number={12},
  pages={121301},
  year={2007},
  publisher={APS},
  url={https://doi.org/10.1103/PhysRevLett.99.121301},
  Note = {\href{https://arxiv.org/abs/0705.2406}{arXiv:0705.2406}}
}

@article{navarro1997universal,
  title={A universal density profile from hierarchical clustering},
  author={Navarro, Julio F. and Frenk, Carlos S. and White, Simon D. M.},
  journal={The Astrophysical Journal},
  volume={490},
  number={2},
  pages={493},
  year={1997},
  publisher={IOP Publishing},
  Note ={\href{https://arxiv.org/abs/astro-ph/9611107}{arXiv:9611107}}
  }
  
  
  % -------------- Core cusp problem ------------
  
  
@article{dubinski,
    author = "Dubinski, John and Carlberg, R. G.",
    title = "{The Structure of cold dark matter halos}",
    doi = "10.1086/170451",
    journal = "Astrophys. J.",
    volume = "378",
    pages = "496",
    year = "1991"
}


@article{flores1994observational,
  title={Observational and theoretical constraints on singular dark matter halos},
  author={Flores, Ricardo A and Primack, Joel R},
  journal={arXiv preprint astro-ph/9402004},
  year={1994},
  Note = {\href{https://arxiv.org/abs/astro-ph/9402004}{arXiv:9402004}}
}
  
  
  @article{Kamada:2016euw,
    author = "Kamada, Ayuki and Kaplinghat, Manoj and Pace, Andrew B. and Yu, Hai-Bo",
    title = "{How the Self-Interacting Dark Matter Model Explains the Diverse Galactic Rotation Curves}",
    eprint = "1611.02716",
    archivePrefix = "arXiv",
    primaryClass = "astro-ph.GA",
    doi = "10.1103/PhysRevLett.119.111102",
    journal = "Phys. Rev. Lett.",
    volume = "119",
    number = "11",
    pages = "111102",
    year = "2017"
}

@article{Lokas:2000mu,
    author = "Lokas, Ewa L. and Mamon, Gary A.",
    title = "{Properties of spherical galaxies and clusters with an NFW density profile}",
    eprint = "astro-ph/0002395",
    archivePrefix = "arXiv",
    doi = "10.1046/j.1365-8711.2001.04007.x",
    journal = "Mon. Not. Roy. Astron. Soc.",
    volume = "321",
    pages = "155",
    year = "2001"
}

@article{Newman:2012nv,
    author = "Newman, Andrew B. and Treu, Tommaso and Ellis, Richard S. and Sand, David J. and Nipoti, Carlo and Richard, Johan and Jullo, Eric",
    title = "{The Density Profiles of Massive, Relaxed Galaxy Clusters: I. The Total Density Over 3 Decades in Radius}",
    eprint = "1209.1391",
    archivePrefix = "arXiv",
    primaryClass = "astro-ph.CO",
    doi = "10.1088/0004-637X/765/1/24",
    journal = "Astrophys. J.",
    volume = "765",
    pages = "24",
    year = "2013"
}

@article{Bringmann:2018jpr,
    author = "Bringmann, Torsten and Kahlhoefer, Felix and Schmidt-Hoberg, Kai and Walia, Parampreet",
    title = "{Converting nonrelativistic dark matter to radiation}",
    eprint = "1803.03644",
    archivePrefix = "arXiv",
    primaryClass = "astro-ph.CO",
    reportNumber = "DESY-18-032, TTK-18-10",
    doi = "10.1103/PhysRevD.98.023543",
    journal = "Phys. Rev. D",
    volume = "98",
    number = "2",
    pages = "023543",
    year = "2018"
}



@article{LHCb:2013zuf,
    author = "Aaij, R. and others",
    collaboration = "LHCb",
    title = "{Differential branching fraction and angular analysis of the decay $B^{0} \to K^{*0} \mu^{+}\mu^{-}$}",
    eprint = "1304.6325",
    archivePrefix = "arXiv",
    primaryClass = "hep-ex",
    reportNumber = "CERN-PH-EP-2013-074, LHCB-PAPER-2013-019",
    doi = "10.1007/JHEP08(2013)131",
    journal = "JHEP",
    volume = "08",
    pages = "131",
    year = "2013"
}

@article{L3:1996ome,
    author = "Acciarri, M. and others",
    collaboration = "L3",
    title = "{Search for neutral Higgs boson production through the process e+ e- --\ensuremath{>} Z* H0}",
    reportNumber = "CERN-PPE-96-095, CERN-PPE-96-95",
    doi = "10.1016/0370-2693(96)00987-2",
    journal = "Phys. Lett. B",
    volume = "385",
    pages = "454--470",
    year = "1996"
}

@article{BNL-E949:2009dza,
    author = "Artamonov, A. V. and others",
    collaboration = "BNL-E949",
    title = "{Study of the decay $K^+\to\pi^+\nu \bar\nu$ in the momentum region $140 < P_\pi < 199$ MeV/c}",
    eprint = "0903.0030",
    archivePrefix = "arXiv",
    primaryClass = "hep-ex",
    reportNumber = "BNL-81786-2008-JA, FERMILAB-PUB-09-007-CD-T, KEK-2008-44, TRIUMF-TRI-PP-08-26, UHEP-EX-08-004",
    doi = "10.1103/PhysRevD.79.092004",
    journal = "Phys. Rev. D",
    volume = "79",
    pages = "092004",
    year = "2009"
}


@article{lhcb2018search,
  title={Search for a dimuon resonance in the $\Upsilon$ mass region},
  author={LHCb Collaboration and others},
  journal={Journal of High Energy Physics},
  volume={2018},
  number={9},
  pages={147},
  year={2018},
  publisher={Springer}
}


@article{PhysRevLett.107.221803,
  title = "{Search for Hadronic Decays of a Light Higgs Boson in the Radiative Decay $\ensuremath{\Upsilon}\ensuremath{\rightarrow}\ensuremath{\gamma}{A}^{0}$}",
  author = {Lees, J. P. and others},
  collaboration = {BaBar},
  journal = {Phys. Rev. Lett.},
  volume = {107},
  issue = {22},
  pages = {221803},
  numpages = {7},
  year = {2011},
  month = {Nov},
  publisher = {American Physical Society},
  doi = {10.1103/PhysRevLett.107.221803},
  url = {https://link.aps.org/doi/10.1103/PhysRevLett.107.221803}
}


@article{PhysRevD.88.071102,
  title = "{Search for a low-mass scalar Higgs boson decaying to a tau pair in single-photon decays of $\ensuremath{\Upsilon}(1S)$}",
  author = {Lees, J. P. and others},
  collaboration = {BaBar},
  journal = {Phys. Rev. D},
  volume = {88},
  issue = {7},
  pages = {071102},
  numpages = {8},
  year = {2013},
  month = {Oct},
  publisher = {American Physical Society},
  doi = {10.1103/PhysRevD.88.071102},
  url = {https://link.aps.org/doi/10.1103/PhysRevD.88.071102}
}



@article{PhysRevLett.114.171801,
  title = "{Search for Long-Lived Particles in ${e}^{+}{e}^{\ensuremath{-}}$ Collisions}",
  author = {Lees, J. P. and others},
  collaboration = {BaBar},
  journal = {Phys. Rev. Lett.},
  volume = {114},
  issue = {17},
  pages = {171801},
  numpages = {7},
  year = {2015},
  month = {Apr},
  publisher = {American Physical Society},
  doi = {10.1103/PhysRevLett.114.171801},
  url = {https://link.aps.org/doi/10.1103/PhysRevLett.114.171801}
}


@article{KTeV,
  title = "{Search for the Decay ${K}_{L}\ensuremath{\rightarrow}{\mathit{\ensuremath{\pi}}}^{0}{\mathit{\ensuremath{\mu}}}^{+}{\mathit{\ensuremath{\mu}}}^{\ensuremath{-}}$}",
  author = {Alavi-Harati, A. and others},
  journal = {Phys. Rev. Lett.},
  volume = {84},
  issue = {23},
  pages = {5279--5282},
  numpages = {0},
  year = {2000},
  month = {Jun},
  publisher = {American Physical Society},
  doi = {10.1103/PhysRevLett.84.5279},
  url = {https://link.aps.org/doi/10.1103/PhysRevLett.84.5279}
}


% ----------------- referee -----------------

@article{Cvetic:2013eza,
    author = "Cveti\v{c}, Gorazd and Kim, C. S. and Zamora-Sa\'a, Jilberto",
    title = "{CP violations in $\pi^{\pm}$ Meson Decay}",
    eprint = "1311.7554",
    archivePrefix = "arXiv",
    primaryClass = "hep-ph",
    reportNumber = "USM-TH-316",
    doi = "10.1088/0954-3899/41/7/075004",
    journal = "J. Phys. G",
    volume = "41",
    pages = "075004",
    year = "2014"
}

@article{Tapia:2021gne,
    author = "Tapia, Sebastian and Vidal-Bravo, Marcelo and Zamora-Sa\'a, Jilberto",
    title = "{Discovering heavy neutrino oscillations in rare Bc\ensuremath{\pm} meson decays at HL-LHCb}",
    eprint = "2109.06027",
    archivePrefix = "arXiv",
    primaryClass = "hep-ph",
    doi = "10.1103/PhysRevD.105.035003",
    journal = "Phys. Rev. D",
    volume = "105",
    number = "3",
    pages = "035003",
    year = "2022"
}

@article{Cvetic:2010rw,
    author = "Cveti\v{c}, G. and Dib, Claudio and Kang, Sin Kyu and Kim, C. S.",
    title = "{Probing Majorana neutrinos in rare $K$ and $D, D_s, B, B_c$ meson decays}",
    eprint = "1005.4282",
    archivePrefix = "arXiv",
    primaryClass = "hep-ph",
    doi = "10.1103/PhysRevD.82.053010",
    journal = "Phys. Rev. D",
    volume = "82",
    pages = "053010",
    year = "2010"
}

@article{Cvetic:2020lyh,
    author = "Cveti\v{c}, Gorazd and Kim, C. S. and Mendizabal, Sebastian and Zamora-Sa\'a, Jilberto",
    title = "{Exploring CP-violation, via heavy neutrino oscillations, in rare B meson decays at Belle II}",
    eprint = "2007.04115",
    archivePrefix = "arXiv",
    primaryClass = "hep-ph",
    doi = "10.1140/epjc/s10052-020-08625-0",
    journal = "Eur. Phys. J. C",
    volume = "80",
    number = "11",
    pages = "1052",
    year = "2020"
}

@article{Dib:2019tuj,
    author = "Dib, C. O. and Helo, J. C. and Nayak, M. and Neill, N. A. and Soffer, A. and Zamora-Sa\'a, J.",
    title = "{Searching for a sterile neutrino that mixes predominantly with $\nu_\tau$ at $B$ factories}",
    eprint = "1908.09719",
    archivePrefix = "arXiv",
    primaryClass = "hep-ph",
    doi = "10.1103/PhysRevD.101.093003",
    journal = "Phys. Rev. D",
    volume = "101",
    number = "9",
    pages = "093003",
    year = "2020"
}

@article{Tapia:2019coy,
    author = "Tapia, Sebastian and Zamora-Sa\'a, Jilberto",
    title = "{Exploring CP-Violating heavy neutrino oscillations in rare tau decays at Belle II}",
    eprint = "1906.09470",
    archivePrefix = "arXiv",
    primaryClass = "hep-ph",
    doi = "10.1016/j.nuclphysb.2020.114936",
    journal = "Nucl. Phys. B",
    volume = "952",
    pages = "114936",
    year = "2020"
}

@article{Cvetic:2018elt,
    author = "Cveti\v{c}, Gorazd and Das, Arindam and Zamora-Sa\'a, Jilberto",
    title = "{Probing heavy neutrino oscillations in rare $W$ boson decays}",
    eprint = "1805.00070",
    archivePrefix = "arXiv",
    primaryClass = "hep-ph",
    reportNumber = "0954-3899; 1361-6471",
    doi = "10.1088/1361-6471/ab1212",
    journal = "J. Phys. G",
    volume = "46",
    pages = "075002",
    year = "2019"
}

@article{Cvetic:2015naa,
    author = "Cveti\v{c}, Gorazd and Dib, Claudio and Kim, C. S. and Zamora-Sa\'a, Jilberto",
    title = "{Probing the Majorana neutrinos and their CP violation in decays of charged scalar mesons $\pi, K, D, D_s, B, B_c$}",
    eprint = "1503.01358",
    archivePrefix = "arXiv",
    primaryClass = "hep-ph",
    reportNumber = "USM-TH-334",
    doi = "10.3390/sym7020726",
    journal = "Symmetry",
    volume = "7",
    pages = "726--773",
    year = "2015"
}

@article{Cvetic:2014nla,
    author = "Cveti\v{c}, Gorazd and Kim, C. S. and Zamora-Sa\'a, Jilberto",
    title = "{CP violation in lepton number violating semihadronic decays of $K,D,D_s,B,B_c$}",
    eprint = "1403.2555",
    archivePrefix = "arXiv",
    primaryClass = "hep-ph",
    reportNumber = "USM-TH-321",
    doi = "10.1103/PhysRevD.89.093012",
    journal = "Phys. Rev. D",
    volume = "89",
    number = "9",
    pages = "093012",
    year = "2014"
}

% ---- Others (new)

@article{Arguelles:2021dqn,
    author = {Arg\"uelles, Carlos A. and Foppiani, Nicol\`o and Hostert, Matheus},
    title = "{Heavy neutral leptons below the kaon mass at hodoscopic detectors}",
    eprint = "2109.03831",
    archivePrefix = "arXiv",
    primaryClass = "hep-ph",
    month = "9",
    year = "2021"
}


@article{Das:2015toa,
    author = "Das, Arindam and Okada, Nobuchika",
    title = "{Improved bounds on the heavy neutrino productions at the LHC}",
    eprint = "1510.04790",
    archivePrefix = "arXiv",
    primaryClass = "hep-ph",
    doi = "10.1103/PhysRevD.93.033003",
    journal = "Phys. Rev. D",
    volume = "93",
    number = "3",
    pages = "033003",
    year = "2016"
}


@article{Das:2016hof,
    author = "Das, Arindam and Konar, Partha and Majhi, Swapan",
    title = "{Production of Heavy neutrino in next-to-leading order QCD at the LHC and beyond}",
    eprint = "1604.00608",
    archivePrefix = "arXiv",
    primaryClass = "hep-ph",
    doi = "10.1007/JHEP06(2016)019",
    journal = "JHEP",
    volume = "06",
    pages = "019",
    year = "2016"
}



@article{Chun:2019nwi,
    author = "Chun, Eung Jin and Das, Arindam and Mandal, Sanjoy and Mitra, Manimala and Sinha, Nita",
    title = "{Sensitivity of Lepton Number Violating Meson Decays in Different Experiments}",
    eprint = "1908.09562",
    archivePrefix = "arXiv",
    primaryClass = "hep-ph",
    reportNumber = "OU-HEP-1016, IP/BBSR/2019-4",
    doi = "10.1103/PhysRevD.100.095022",
    journal = "Phys. Rev. D",
    volume = "100",
    number = "9",
    pages = "095022",
    year = "2019"
}

@article{Blondel:2021mss,
    author = "Blondel, Alain and de Gouv\^ea, Andr\'e and Kayser, Boris",
    title = "{Z-boson decays into Majorana or Dirac heavy neutrinos}",
    eprint = "2105.06576",
    archivePrefix = "arXiv",
    primaryClass = "hep-ph",
    reportNumber = "FERMILAB-PUB-21-227-T",
    doi = "10.1103/PhysRevD.104.055027",
    journal = "Phys. Rev. D",
    volume = "104",
    number = "5",
    pages = "055027",
    year = "2021"
}


@article{Evans:2017kti,
    author = "Evans, Jared A. and Gori, Stefania and Shelton, Jessie",
    title = "{Looking for the WIMP Next Door}",
    eprint = "1712.03974",
    archivePrefix = "arXiv",
    primaryClass = "hep-ph",
    doi = "10.1007/JHEP02(2018)100",
    journal = "JHEP",
    volume = "02",
    pages = "100",
    year = "2018"
}

@article{Krnjaic2016,
  title = {Probing light thermal dark matter with a Higgs portal mediator},
  author = {Krnjaic, Gordan},
  journal = {Phys. Rev. D},
  volume = {94},
  issue = {7},
  pages = {073009},
  numpages = {14},
  year = {2016},
  month = {Oct},
  publisher = {American Physical Society},
  doi = {10.1103/PhysRevD.94.073009},
  url = {https://link.aps.org/doi/10.1103/PhysRevD.94.073009}
}


@article{Oh:2015xoa,
    author = "Oh, Se-Heon and others",
    title = "{High-resolution mass models of dwarf galaxies from LITTLE THINGS}",
    eprint = "1502.01281",
    archivePrefix = "arXiv",
    primaryClass = "astro-ph.GA",
    doi = "10.1088/0004-6256/149/6/180",
    journal = "Astron. J.",
    volume = "149",
    pages = "180",
    year = "2015"
}

@article{Newman:2013,
    author = "Newman, Andrew B. and Treu, Tommaso and Ellis, Richard S. and Sand, David J.",
    title ="The Density Profiles of Massive, Relaxed Galaxy Clusters. II. Separating Luminous and Dark Matter in Cluster Cores",
    eprint = "1209.1392",
    archivePrefix = "arXiv",
    primaryClass = "astro-ph.CO",
    doi = "10.1088/0004-637x/765/1/25",
    journal = "Astrophys. J.",
    volume = "765",
    pages = "25",
    year = "2013"
}

@article{Zurek:2013wia,
    author = "Zurek, Kathryn M.",
    title = "{Asymmetric Dark Matter: Theories, Signatures, and Constraints}",
    eprint = "1308.0338",
    archivePrefix = "arXiv",
    primaryClass = "hep-ph",
    doi = "10.1016/j.physrep.2013.12.001",
    journal = "Phys. Rept.",
    volume = "537",
    pages = "91--121",
    year = "2014",
    Note = {\href{https://arxiv.org/abs/1308.0338}{arXiv:1308.0338}}
}

@ARTICLE{Vera,
       author = {{Rubin}, Vera C. and {Ford}, W. Kent, Jr.},
        title = "{Rotation of the Andromeda Nebula from a Spectroscopic Survey of Emission Regions}",
      journal = {The Astrophysical Journal},
         year = 1970,
        month = feb,
       volume = {159},
        pages = {379},
          doi = {10.1086/150317},
       adsurl = {https://ui.adsabs.harvard.edu/abs/1970ApJ...159..379R},
      adsnote = {Provided by the SAO/NASA Astrophysics Data System}
}

@article{rubin1978extended,
  title={Extended rotation curves of high-luminosity spiral galaxies. IV-Systematic dynamical properties, SA through SC},
  author={Rubin, Vera C and Ford Jr, W Kent and Thonnard, Norbert},
  journal={Astrophysical Journal, Part 2-Letters to the Editor, vol. 225, Nov. 1, 1978, p. L107-L111.},
  volume={225},
  pages={L107--L111},
  year={1978}
}

@article{zwicky2009republication,
  title={Republication of: The redshift of extragalactic nebulae},
  author={Zwicky, Fritz},
  journal={General Relativity and Gravitation},
  volume={41},
  number={1},
  pages={207--224},
  year={2009},
  publisher={Springer}
}


@article{Workman:2022ynf,
    author = "Workman, R. L. and Others",
    collaboration = "Particle Data Group",
    title = "{Review of Particle Physics}",
    doi = "10.1093/ptep/ptac097",
    journal = "PTEP",
    volume = "2022",
    pages = "083C01",
    year = "2022"
}

@article{buckley2012regenerating,
  title={Regenerating a symmetry in asymmetric dark matter},
  author={Buckley, Matthew R and Profumo, Stefano},
  journal={Physical review letters},
  volume={108},
  number={1},
  pages={011301},
  year={2012},
  publisher={APS}
}


@article{cai2009leptonic,
  title={Leptonic indirect detection signals from strongly interacting asymmetric dark matter},
  author={Cai, Yi and Kaplan, David E and Luty, Markus A},
  journal={arXiv preprint arXiv:0909.5499},
  year={2009}
}

@article{arina2012asymmetric,
  title={Asymmetric inelastic inert doublet dark matter from triplet scalar leptogenesis},
  author={Arina, Chiara and Sahu, Narendra},
  journal={Nuclear Physics B},
  volume={854},
  number={3},
  pages={666--699},
  year={2012},
  publisher={Elsevier}
}

@article{falkowski2011asymmetric,
  title={Asymmetric dark matter from leptogenesis},
  author={Falkowski, Adam and Ruderman, Joshua T and Volansky, Tomer},
  journal={Journal of High Energy Physics},
  volume={2011},
  number={5},
  pages={1--32},
  year={2011},
  publisher={Springer}
}

@article{blum2012asymmetric,
  title={Asymmetric higgsino dark matter},
  author={Blum, Kfir and Efrati, Aielet and Grossman, Yuval and Nir, Yosef and Riotto, Antonio},
  journal={Physical review letters},
  volume={109},
  number={5},
  pages={051302},
  year={2012},
  publisher={APS}
}

@article{Gambini:2022zom,
    author = "Gambini, Guillermo and de Holanda, Pedro C. and Carneiro, Saulo",
    title = "{Constraints on energy scales from dark matter decay in a gauged $B-L$ model}",
    eprint = "2205.12353",
    archivePrefix = "arXiv",
    primaryClass = "hep-ph",
    month = "5",
    year = "2022",
    Note = {\href{https://arxiv.org/abs/2205.12353}{arXiv:2205.12353}}
}

@article{Cline:1991zb,
    author = "Cline, James M.",
    title = "{Constraints on almost Dirac neutrinos from neutrino - anti-neutrino oscillations}",
    reportNumber = "MCGILL-91-38",
    doi = "10.1103/PhysRevLett.68.3137",
    journal = "Phys. Rev. Lett.",
    volume = "68",
    pages = "3137--3140",
    year = "1992"
}

@article{Ballesteros:2016euj,
    author = "Ballesteros, Guillermo and Redondo, Javier and Ringwald, Andreas and Tamarit, Carlos",
    title = "{Unifying inflation with the axion, dark matter, baryogenesis and the seesaw mechanism}",
    eprint = "1608.05414",
    archivePrefix = "arXiv",
    primaryClass = "hep-ph",
    reportNumber = "DESY-16-049, IPPP-16-25",
    doi = "10.1103/PhysRevLett.118.071802",
    journal = "Phys. Rev. Lett.",
    volume = "118",
    number = "7",
    pages = "071802",
    year = "2017"
}


@article{Shaposhnikov:2006xi,
    author = "Shaposhnikov, Mikhail and Tkachev, Igor",
    title = "{The $\nu$MSM, inflation, and dark matter}",
    eprint = "hep-ph/0604236",
    archivePrefix = "arXiv",
    reportNumber = "CERN-PH-TH-2006-069",
    doi = "10.1016/j.physletb.2006.06.063",
    journal = "Phys. Lett. B",
    volume = "639",
    pages = "414--417",
    year = "2006"
}

@article{Arcadi:2017kky,
    author = "Arcadi, Giorgio and Dutra, Ma\'\i{}ra and Ghosh, Pradipta and Lindner, Manfred and Mambrini, Yann and Pierre, Mathias and Profumo, Stefano and Queiroz, Farinaldo S.",
    title = "{The waning of the WIMP? A review of models, searches, and constraints}",
    eprint = "1703.07364",
    archivePrefix = "arXiv",
    primaryClass = "hep-ph",
    doi = "10.1140/epjc/s10052-018-5662-y",
    journal = "Eur. Phys. J. C",
    volume = "78",
    number = "3",
    pages = "203",
    year = "2018",
    Note = {\href{https://arxiv.org/abs/1703.07364}{arXiv:1703.07364}}
}

@article{Choubey:2017hsq,
    author = "Choubey, Sandhya and Kumar, Abhass",
    title = "{Inflation and Dark Matter in the Inert Doublet Model}",
    eprint = "1707.06587",
    archivePrefix = "arXiv",
    primaryClass = "hep-ph",
    doi = "10.1007/JHEP11(2017)080",
    journal = "JHEP",
    volume = "11",
    pages = "080",
    year = "2017"
}

@article{Borah:2018rca,
    author = "Borah, Debasish and Dev, P. S. Bhupal and Kumar, Abhass",
    title = "{TeV scale leptogenesis, inflaton dark matter and neutrino mass in a scotogenic model}",
    eprint = "1810.03645",
    archivePrefix = "arXiv",
    primaryClass = "hep-ph",
    doi = "10.1103/PhysRevD.99.055012",
    journal = "Phys. Rev. D",
    volume = "99",
    number = "5",
    pages = "055012",
    year = "2019"
}


% SM tests
% 1
@article{aleph2005precision,
  title={Precision electroweak measurements on the Z resonance},
  author={ALEPH collaboration and DELPHI collaboration and L3 Collaboration and OPAL collaboration and SLD collaboration and LEP Electroweak Working Group and others},
  journal={arXiv preprint hep-ex/0509008},
  year={2005}
}
% 2

% 3 
@article{l32006measurement,
  title={Measurement of the mass and the width of the W boson at LEP},
  author={L3 Collaboration},
  journal={The European Physical Journal C-Particles and Fields},
  volume={45},
  number={3},
  pages={569--587},
  year={2006},
  publisher={Springer}
}
% 4 
@article{aaltonen2012precise,
  title={Precise measurement of the W-boson mass with the CDF II detector},
  author={Aaltonen, Timo and Gonz{\'a}lez, B {\'A}lvarez and Amerio, Silvia and Amidei, D and Anastassov, A and Annovi, A and Antos, J and Apollinari, G and Appel, JA and Arisawa, T and others},
  journal={Physical Review Letters},
  volume={108},
  number={15},
  pages={151803},
  year={2012},
  publisher={APS}
}
% 5
@article{opal2001precise,
  title={Precise determination of the Z resonance parameters at LEP:“Zedometry”},
  author={OPAL collaboration and Abbiendi, G},
  journal={The European Physical Journal C-Particles and Fields},
  volume={19},
  number={4},
  pages={587--651},
  year={2001},
  publisher={Springer}
}
% 6
@article{achard2004measurement,
  title={Measurement of the cross section of W-boson pair production at LEP},
  author={Achard, Pablo and Adriani, O and Aguilar-Benitez, M and Alcaraz, J and Alemanni, G and Allaby, J and Aloisio, A and Alviggi, MG and Anderhub, H and Andreev, VP and others},
  journal={Physics Letters B},
  volume={600},
  number={1-2},
  pages={22--40},
  year={2004},
  publisher={Elsevier}
}




@article{acciarri1997pair,
  title={Pair-production of W bosons in e+ e- interactions at s= 161 GeV},
  author={Acciarri, M and Adriani, O and Aguilar-Benitez, M and Ahlen, S and Alpat, B and Alcaraz, J and Alemanni, G and Allaby, J and Aloisio, Alberto and Alverson, G and others},
  journal={Physics Letters B},
  volume={398},
  number={1-2},
  pages={223--238},
  year={1997},
  publisher={Elsevier}
}

@article{acciarri1997measurement,
  title={Measurement of W-pair cross sections in e+ e- interactions at s= 172 GeV and W-decay branching fractions},
  author={Acciarri, M and Adriani, O and Aguilar-Benitez, M and Ahlen, S and Alcaraz, J and Alemanni, G and Allaby, J and Aloisio, Alberto and Alverson, G and Alviggi, MG and others},
  journal={Physics Letters B},
  volume={407},
  number={3-4},
  pages={419--431},
  year={1997},
  publisher={Elsevier}
}

@article{acciarri1998measurement,
  title={Measurement of W-pair cross sections in e+ e- interactions at s= 183GeV and W-decay branching fractions},
  author={Acciarri, M and Adriani, O and Aguilar-Benitez, M and Ahlen, S and Alcaraz, J and Alemanni, G and Allaby, J and Aloisio, Alberto and Alviggi, MG and Ambrosi, G and others},
  journal={Physics Letters B},
  volume={436},
  number={3-4},
  pages={437--452},
  year={1998},
  publisher={Elsevier}
}


@article{cdf2022high,
    author = "Aaltonen, T. and others",
    collaboration = "CDF",
    title = "{High-precision measurement of the $W$ boson mass with the CDF II detector}",
    reportNumber = "FERMILAB-PUB-22-254-PPD",
    doi = "10.1126/science.abk1781",
    journal = "Science",
    volume = "376",
    number = "6589",
    pages = "170--176",
    year = "2022"
}

@book{thomson2013modern,
  title={Modern particle physics},
  author={Thomson, Mark},
  year={2013},
  publisher={Cambridge University Press}
}


% ===========================
% nueva tesis de licenciatura
% ===========================

@article{deJesus:2020ngn,
    author = "de Jesus, \'Alvaro S. and Kovalenko, Sergey and Queiroz, Farinaldo S. and de S. Pires, Carlos A. and Villamizar, Yoxara S.",
    title = "{Dead or alive? Implications of the muon anomalous magnetic moment for 3-3-1 models}",
    eprint = "2003.06440",
    archivePrefix = "arXiv",
    primaryClass = "hep-ph",
    reportNumber = "IIPDM-2020",
    doi = "10.1016/j.physletb.2020.135689",
    journal = "Phys. Lett. B",
    volume = "809",
    pages = "135689",
    year = "2020"
}


@article{Sanchez-Vega:2018qje,
    author = "S\'anchez-Vega, B. L. and Gambini, G. and Alvarez-Salazar, C. E.",
    title = "{Vacuum stability conditions of the economical 3-3-1 model from copositivity}",
    eprint = "1811.00585",
    archivePrefix = "arXiv",
    primaryClass = "hep-ph",
    doi = "10.1140/epjc/s10052-019-6807-3",
    journal = "Eur. Phys. J. C",
    volume = "79",
    number = "4",
    pages = "299",
    year = "2019"
}


@article{Montero:2014uya,
    author = "Montero, J. C. and S\'anchez-Vega, B. L.",
    title = "{Accidental symmetries and massless quarks in the economical 3-3-1 model}",
    eprint = "1411.2580",
    archivePrefix = "arXiv",
    primaryClass = "hep-ph",
    doi = "10.1103/PhysRevD.91.037302",
    journal = "Phys. Rev. D",
    volume = "91",
    number = "3",
    pages = "037302",
    year = "2015"
}


@article{Chauhan:2019fji,
    author = "Chauhan, Garv",
    title = "{Vacuum Stability and Symmetry Breaking in Left-Right Symmetric Model}",
    eprint = "1907.07153",
    archivePrefix = "arXiv",
    primaryClass = "hep-ph",
    doi = "10.1007/JHEP12(2019)137",
    journal = "JHEP",
    volume = "12",
    pages = "137",
    year = "2019"
}

@article{Degrassi:2012ry,
    author = "Degrassi, Giuseppe and Di Vita, Stefano and Elias-Miro, Joan and Espinosa, Jose R. and Giudice, Gian F. and Isidori, Gino and Strumia, Alessandro",
    title = "{Higgs mass and vacuum stability in the Standard Model at NNLO}",
    eprint = "1205.6497",
    archivePrefix = "arXiv",
    primaryClass = "hep-ph",
    reportNumber = "CERN-PH-TH-2012-134, RM3-TH-12-9",
    doi = "10.1007/JHEP08(2012)098",
    journal = "JHEP",
    volume = "08",
    pages = "098",
    year = "2012"
}

@article{Kannike:2012pe,
    author = "Kannike, Kristjan",
    title = "{Vacuum Stability Conditions From Copositivity Criteria}",
    eprint = "1205.3781",
    archivePrefix = "arXiv",
    primaryClass = "hep-ph",
    doi = "10.1140/epjc/s10052-012-2093-z",
    journal = "Eur. Phys. J. C",
    volume = "72",
    pages = "2093",
    year = "2012"
}


@article{Lee:1973iz,
    author = "Lee, T. D.",
    editor = "Feinberg, G.",
    title = "{A Theory of Spontaneous T Violation}",
    doi = "10.1103/PhysRevD.8.1226",
    journal = "Phys. Rev. D",
    volume = "8",
    pages = "1226--1239",
    year = "1973"
}

@article{Branco:1980sz,
    author = "Branco, Gustavo C.",
    title = "{Spontaneous {CP} Nonconservation and Natural Flavor Conservation: A Minimal Model}",
    reportNumber = "COO-3066-150",
    doi = "10.1103/PhysRevD.22.2901",
    journal = "Phys. Rev. D",
    volume = "22",
    pages = "2901",
    year = "1980"
}

@book{Griffiths:2008zz,
    author = "Griffiths, David",
    title = "{Introduction to elementary particles}",
    isbn = "978-3-527-40601-2",
    year = "2008"
}

@book{Thomson:2013zua,
    author = "Thomson, Mark",
    title = "{Modern particle physics}",
    doi = "10.1017/CBO9781139525367",
    isbn = "978-1-107-03426-6",
    publisher = "Cambridge University Press",
    address = "New York",
    year = "2013"
}

@article{HADELER198379,
title = {On copositive matrices},
journal = {Linear Algebra and its Applications},
volume = {49},
pages = {79-89},
year = {1983},
issn = {0024-3795},
doi = {https://doi.org/10.1016/0024-3795(83)90095-2},
url = {https://www.sciencedirect.com/science/article/pii/0024379583900952},
author = {K.P. Hadeler},
abstract = {A criterion for copositive matrices is given and for n = 3 the set of all copositive matrices is determined in terms of matrix elements. Copositive matrices are applied to the problem of excluding periodic solutions of certain algebraic differential equations.}
}


@article{Deshpande:1977rw,
    author = "Deshpande, Nilendra G. and Ma, Ernest",
    title = "{Pattern of Symmetry Breaking with Two Higgs Doublets}",
    reportNumber = "OITS-81",
    doi = "10.1103/PhysRevD.18.2574",
    journal = "Phys. Rev. D",
    volume = "18",
    pages = "2574",
    year = "1978"
}


@article{Arcadi:2021zdk,
    author = "Arcadi, Giorgio and Djouadi, Abdelhak and Queiroz, Farinaldo da Silva",
    title = "{Models with two Higgs doublets and a light pseudoscalar: A portal to dark matter and the possible (g\ensuremath{-}2)\ensuremath{\mu} excess}",
    eprint = "2112.11902",
    archivePrefix = "arXiv",
    primaryClass = "hep-ph",
    doi = "10.1016/j.physletb.2022.137436",
    journal = "Phys. Lett. B",
    volume = "834",
    pages = "137436",
    year = "2022"
}

@article{Branco:2011iw,
    author = "Branco, G. C. and Ferreira, P. M. and Lavoura, L. and Rebelo, M. N. and Sher, Marc and Silva, Joao P.",
    title = "{Theory and phenomenology of two-Higgs-doublet models}",
    eprint = "1106.0034",
    archivePrefix = "arXiv",
    primaryClass = "hep-ph",
    doi = "10.1016/j.physrep.2012.02.002",
    journal = "Phys. Rept.",
    volume = "516",
    pages = "1--102",
    year = "2012"
}

@article{Cherchiglia:2022zfy,
    author = "Cherchiglia, A. L. and Peres, O. L. G.",
    title = "{On the viability of a light scalar spectrum for 3-3-1 models}",
    eprint = "2209.12063",
    archivePrefix = "arXiv",
    primaryClass = "hep-ph",
    doi = "10.1007/JHEP04(2023)017",
    journal = "JHEP",
    volume = "04",
    pages = "017",
    year = "2023"
}


@article{Dias:2020ryz,
    author = "Dias, Alex G. and Leite, Julio and S\'anchez-Vega, B. L. and Vieira, William C.",
    title = "{Dynamical symmetry breaking and fermion mass hierarchy in the scale-invariant 3-3-1 model}",
    eprint = "2005.00556",
    archivePrefix = "arXiv",
    primaryClass = "hep-ph",
    doi = "10.1103/PhysRevD.102.015021",
    journal = "Phys. Rev. D",
    volume = "102",
    number = "1",
    pages = "015021",
    year = "2020"
}

@article{Guzzo:2022beb,
    author = "Guzzo, M. M. and Leite, L. J. F. and Novelo, S. W. P.",
    title = "{Neutrinos in a Minimal 3-3-1 Model}",
    doi = "10.3389/fphy.2022.812921",
    journal = "Front. in Phys.",
    volume = "10",
    pages = "812921",
    year = "2022"
}

@article{Pinheiro:2022bcs,
    author = "Pinheiro, Joao Paulo and de S. Pires, C. A.",
    title = "{On the Higgs spectra of the 3-3-1 model}",
    eprint = "2210.05426",
    archivePrefix = "arXiv",
    primaryClass = "hep-ph",
    doi = "10.1016/j.physletb.2022.137584",
    journal = "Phys. Lett. B",
    volume = "836",
    pages = "137584",
    year = "2023"
}
@article{Lin:2019uvt,
    author = "Lin, Tongyan",
    title = "{Dark matter models and direct detection}",
    eprint = "1904.07915",
    archivePrefix = "arXiv",
    primaryClass = "hep-ph",
    doi = "10.22323/1.333.0009",
    journal = "PoS",
    volume = "333",
    pages = "009",
    year = "2019"
}


@article{Siqueira:2019wdg,
    author = "Siqueira, Clarissa",
    title = "{Secluded Dark Matter in light of the Cherenkov Telescope Array (CTA)}",
    eprint = "1901.11055",
    archivePrefix = "arXiv",
    primaryClass = "hep-ph",
    reportNumber = "IPDM-2019",
    doi = "10.1016/j.physletb.2019.134840",
    journal = "Phys. Lett. B",
    volume = "797",
    pages = "134840",
    year = "2019"
}

@article{Arcadi:2023lwc,
    author = "Arcadi, Giorgio and Dorsch, Glauber C. and Neto, Jacinto P. and Queiroz, Farinaldo S. and Oviedo-Torres, Y. M.",
    title = "{Probing a Dark Sector with Collider Physics, Direct Detection, and Gravitational Waves}",
    eprint = "2307.06376",
    archivePrefix = "arXiv",
    primaryClass = "hep-ph",
    month = "7",
    year = "2023"
}

@article{NANOGrav:2023gor,
    author = "Agazie, Gabriella and others",
    collaboration = "NANOGrav",
    title = "{The NANOGrav 15 yr Data Set: Evidence for a Gravitational-wave Background}",
    eprint = "2306.16213",
    archivePrefix = "arXiv",
    primaryClass = "astro-ph.HE",
    doi = "10.3847/2041-8213/acdac6",
    journal = "Astrophys. J. Lett.",
    volume = "951",
    number = "1",
    pages = "L8",
    year = "2023"
}

@inproceedings{Queiroz:2016awc,
    author = "Queiroz, Farinaldo S.",
    title = "{Dark Matter Overview: Collider, Direct and Indirect Detection Searches}",
    booktitle = "{51st Rencontres de Moriond on EW Interactions and Unified Theories}",
    eprint = "1605.08788",
    archivePrefix = "arXiv",
    primaryClass = "hep-ph",
    publisher = "ARISF",
    pages = "427--436",
    year = "2016"
}

@article{Kim:1981xu,
    author = "Kim, Jaisam",
    title = "{General Method for Analyzing Higgs Potentials}",
    reportNumber = "CALT-68-857",
    doi = "10.1016/0550-3213(82)90040-2",
    journal = "Nucl. Phys. B",
    volume = "196",
    pages = "285--300",
    year = "1982"
}



@article{Ferreira:2022gjh,
    author = "Ferreira, Pedro M. and Grzadkowski, Bohdan and Ogreid, Odd Magne and Osland, Per",
    title = "{Softly broken symmetries in the 2HDM -- an invariant formulation}",
    eprint = "2209.00152",
    archivePrefix = "arXiv",
    primaryClass = "hep-ph",
    doi = "10.1007/JHEP01(2023)143",
    journal = "JHEP",
    volume = "01",
    pages = "143",
    year = "2023"
}

@article{GomezDumm:1993oxo,
    author = "Gomez Dumm, D. and Pisano, F. and Pleitez, V.",
    title = "{Flavor changing neutral currents in SU(3) x U(1) models}",
    eprint = "hep-ph/9307265",
    archivePrefix = "arXiv",
    reportNumber = "IFT-P-026-93, IC-93-174",
    doi = "10.1142/S0217732394001441",
    journal = "Mod. Phys. Lett. A",
    volume = "9",
    pages = "1609--1615",
    year = "1994"
}

@article{Montero:2011tg,
    author = "Montero, J. C. and Sanchez-Vega, B. L.",
    title = "{Natural PQ symmetry in the 3-3-1 model with a minimal scalar sector}",
    eprint = "1102.5374",
    archivePrefix = "arXiv",
    primaryClass = "hep-ph",
    doi = "10.1103/PhysRevD.84.055019",
    journal = "Phys. Rev. D",
    volume = "84",
    pages = "055019",
    year = "2011"
}

@inproceedings{Pleitez:2021abk,
    author = "Pleitez, V.",
    title = "{Challenges for the 3-3-1 models}",
    booktitle = "{5th Colombian Meeting on High Energy Physics}",
    eprint = "2112.10888",
    archivePrefix = "arXiv",
    primaryClass = "hep-ph",
    month = "12",
    year = "2021"
}

@article{Foot:1994ym,
    author = "Foot, Robert and Long, Hoang Ngoc and Tran, Tuan A.",
    title = "{$SU(3)_L \otimes U(1)_N$ and $SU(4)_L \otimes U(1)_N$ gauge models with right-handed neutrinos}",
    eprint = "hep-ph/9402243",
    archivePrefix = "arXiv",
    reportNumber = "MCGILL-94-10",
    doi = "10.1103/PhysRevD.50.R34",
    journal = "Phys. Rev. D",
    volume = "50",
    number = "1",
    pages = "R34--R38",
    year = "1994"
}

@article{Ponce:2001jn,
    author = "Ponce, William A. and Florez, Juan B. and Sanchez, Luis A.",
    title = "{Analysis of SU(3)(c) x SU(3)(L) x U(1)(X) local gauge theory}",
    eprint = "hep-ph/0103100",
    archivePrefix = "arXiv",
    doi = "10.1142/S0217751X02005815",
    journal = "Int. J. Mod. Phys. A",
    volume = "17",
    pages = "643--660",
    year = "2002"
}

@article{Okada:2016whh,
    author = "Okada, Hiroshi and Okada, Nobuchika and Orikasa, Yuta and Yagyu, Kei",
    title = "{Higgs phenomenology in the minimal SU(3)$_L$\texttimes{}U(1)$_X$ model}",
    eprint = "1604.01948",
    archivePrefix = "arXiv",
    primaryClass = "hep-ph",
    doi = "10.1103/PhysRevD.94.015002",
    journal = "Phys. Rev. D",
    volume = "94",
    number = "1",
    pages = "015002",
    year = "2016"
}


@article{Fan:2022dye,
    author = "Fan, Zhiyi and Yagyu, Kei",
    title = "{CP-violating 2HDMs emerging from 3-3-1 models}",
    eprint = "2201.11277",
    archivePrefix = "arXiv",
    primaryClass = "hep-ph",
    reportNumber = "OU-HET-1129",
    doi = "10.1007/JHEP06(2022)014",
    journal = "JHEP",
    volume = "06",
    pages = "014",
    year = "2022"
}


@article{Dong:2006gx,
    author = "Dong, P. V. and Huong, D. T. and Huong, Tr. T. and Long, Hoang Ngoc",
    title = "{Fermion masses in the economical 3-3-1 model}",
    eprint = "hep-ph/0607291",
    archivePrefix = "arXiv",
    doi = "10.1103/PhysRevD.74.053003",
    journal = "Phys. Rev. D",
    volume = "74",
    pages = "053003",
    year = "2006"
}


@article{Dorsch:2024ddk,
    author = "Dorsch, G. C. and Louzi, A. A. and S\'anchez-Vega, B. L. and Viglioni, A. C. D.",
    title = "{Vacuum stability in the one-loop approximation of a 331 model}",
    eprint = "2402.00155",
    archivePrefix = "arXiv",
    primaryClass = "hep-ph",
    doi = "10.1140/epjc/s10052-024-12840-4",
    journal = "Eur. Phys. J. C",
    volume = "84",
    number = "5",
    pages = "471",
    year = "2024"
}

@article{Salazar:2015gxa,
    author = "Salazar, Camilo and Benavides, Richard H. and Ponce, William A. and Rojas, Eduardo",
    title = "{LHC Constraints on 3-3-1 Models}",
    eprint = "1503.03519",
    archivePrefix = "arXiv",
    primaryClass = "hep-ph",
    doi = "10.1007/JHEP07(2015)096",
    journal = "JHEP",
    volume = "07",
    pages = "096",
    year = "2015"
}

@article{Queiroz:2016gif,
    author = "Queiroz, Farinaldo S. and Siqueira, Clarissa and Valle, Jos\'e W. F.",
    title = "{Constraining Flavor Changing Interactions from LHC Run-2 Dilepton Bounds with Vector Mediators}",
    eprint = "1608.07295",
    archivePrefix = "arXiv",
    primaryClass = "hep-ph",
    doi = "10.1016/j.physletb.2016.10.057",
    journal = "Phys. Lett. B",
    volume = "763",
    pages = "269--274",
    year = "2016"
}

@article{Arcadi:2024ukq,
    author = "Arcadi, Giorgio and Cabo-Almeida, David and Dutra, Ma\'\i{}ra and Ghosh, Pradipta and Lindner, Manfred and Mambrini, Yann and Neto, Jacinto P. and Pierre, Mathias and Profumo, Stefano and Queiroz, Farinaldo S.",
    title = "{The Waning of the WIMP: Endgame?}",
    eprint = "2403.15860",
    archivePrefix = "arXiv",
    primaryClass = "hep-ph",
    month = "3",
    year = "2024"
}

@article{Markevitch:2003at,
    author = "Markevitch, Maxim and Gonzalez, A. H. and Clowe, D. and Vikhlinin, A. and David, L. and Forman, W. and Jones, C. and Murray, S. and Tucker, W.",
    title = "{Direct constraints on the dark matter self-interaction cross-section from the merging galaxy cluster 1E0657-56}",
    eprint = "astro-ph/0309303",
    archivePrefix = "arXiv",
    doi = "10.1086/383178",
    journal = "Astrophys. J.",
    volume = "606",
    pages = "819--824",
    year = "2004"
}


@article{Djouadi:2005gi,
    author = "Djouadi, Abdelhak",
    title = "{The Anatomy of electro-weak symmetry breaking. I: The Higgs boson in the standard model}",
    eprint = "hep-ph/0503172",
    archivePrefix = "arXiv",
    reportNumber = "LPT-ORSAY-05-17",
    doi = "10.1016/j.physrep.2007.10.004",
    journal = "Phys. Rept.",
    volume = "457",
    pages = "1--216",
    year = "2008"
}

@article{Cogollo:2014jia,
    author = "Cogollo, D. and Gonzalez-Morales, Alma X. and Queiroz, Farinaldo S. and Teles, Patricia R.",
    title = "{Excluding the Light Dark Matter Window of a 331 Model Using LHC and Direct Dark Matter Detection Data}",
    eprint = "1402.3271",
    archivePrefix = "arXiv",
    primaryClass = "hep-ph",
    doi = "10.1088/1475-7516/2014/11/002",
    journal = "JCAP",
    volume = "11",
    pages = "002",
    year = "2014"
}

@article{Cline:2012nw,
    author = "Cline, James M.",
    title = "{130 GeV dark matter and the Fermi gamma-ray line}",
    eprint = "1205.2688",
    archivePrefix = "arXiv",
    primaryClass = "hep-ph",
    doi = "10.1103/PhysRevD.86.015016",
    journal = "Phys. Rev. D",
    volume = "86",
    pages = "015016",
    year = "2012"
}

@article{Posch:2010hx,
    author = "Posch, Paul",
    title = "{Enhancement of h ---\ensuremath{>} gamma gamma in the Two Higgs Doublet Model Type I}",
    eprint = "1001.1759",
    archivePrefix = "arXiv",
    primaryClass = "hep-ph",
    doi = "10.1016/j.physletb.2011.01.003",
    journal = "Phys. Lett. B",
    volume = "696",
    pages = "447--453",
    year = "2011"
}

@article{Slatyer:2021qgc,
    author = "Slatyer, Tracy R.",
    title = "{Les Houches Lectures on Indirect Detection of Dark Matter}",
    eprint = "2109.02696",
    archivePrefix = "arXiv",
    primaryClass = "hep-ph",
    reportNumber = "MIT-CTP/5322",
    doi = "10.21468/SciPostPhysLectNotes.53",
    journal = "SciPost Phys. Lect. Notes",
    volume = "53",
    pages = "1",
    year = "2022"
}

@article{Cirelli:2010xx,
    author = "Cirelli, Marco and Corcella, Gennaro and Hektor, Andi and Hutsi, Gert and Kadastik, Mario and Panci, Paolo and Raidal, Martti and Sala, Filippo and Strumia, Alessandro",
    title = "{PPPC 4 DM ID: A Poor Particle Physicist Cookbook for Dark Matter Indirect Detection}",
    eprint = "1012.4515",
    archivePrefix = "arXiv",
    primaryClass = "hep-ph",
    reportNumber = "CERN-PH-TH-2010-057, SACLAY-T10-025, IFUP-TH-2010-44",
    doi = "10.1088/1475-7516/2012/10/E01",
    journal = "JCAP",
    volume = "03",
    pages = "051",
    year = "2011",
    note = "[Erratum: JCAP 10, E01 (2012)]"
}


@article{Griest:1990kh,
    author = "Griest, Kim and Seckel, David",
    title = "{Three exceptions in the calculation of relic abundances}",
    reportNumber = "CFPA-TH-90-001A, BA-90-79",
    doi = "10.1103/PhysRevD.43.3191",
    journal = "Phys. Rev. D",
    volume = "43",
    pages = "3191--3203",
    year = "1991"
}


@article{HESS:2018cbt,
    author = "Abdallah, H. and others",
    collaboration = "HESS",
    title = "{Search for $\gamma$-Ray Line Signals from Dark Matter Annihilations in the Inner Galactic Halo from 10 Years of Observations with H.E.S.S.}",
    eprint = "1805.05741",
    archivePrefix = "arXiv",
    primaryClass = "astro-ph.HE",
    doi = "10.1103/PhysRevLett.120.201101",
    journal = "Phys. Rev. Lett.",
    volume = "120",
    number = "20",
    pages = "201101",
    year = "2018"
}

@article{Navarro:1995iw,
    author = "Navarro, Julio F. and Frenk, Carlos S. and White, Simon D. M.",
    title = "{The Structure of cold dark matter halos}",
    eprint = "astro-ph/9508025",
    archivePrefix = "arXiv",
    doi = "10.1086/177173",
    journal = "Astrophys. J.",
    volume = "462",
    pages = "563--575",
    year = "1996"
}

@article{einasto1965kinematics,
  title={Kinematics and dynamics of stellar systems},
  author={Einasto, Jaan},
  journal={Trudy Inst. Astrofiz. Alma-Ata},
  volume={51},
  pages={87},
  year={1965}
}

@article{gillessen2009monitoring,
  title={Monitoring stellar orbits around the Massive Black Hole in the Galactic Center},
  author={Gillessen, Stefan and Eisenhauer, F and Trippe, Sascha and Alexander, Tal and Genzel, R and Martins, Fred and Ott, T},
  journal={The Astrophysical Journal},
  volume={692},
  number={2},
  pages={1075},
  year={2009},
  publisher={IOP Publishing}
}

@article{Angel:2023rdd,
    author = "Angel, Lucia and Gambini, Guillermo and Guedes, Leticia and Queiroz, Farinaldo S. and de Souza, Vitor",
    title = "{Constraining gamma-ray lines from dark matter annihilation using Fermi-LAT and H.E.S.S.~data}",
    eprint = "2311.17827",
    archivePrefix = "arXiv",
    primaryClass = "hep-ph",
    doi = "10.1088/1475-7516/2024/04/028",
    journal = "JCAP",
    volume = "04",
    pages = "028",
    year = "2024"
}

@article{Jackson:2013pjq,
    author = "Jackson, C. B. and Servant, Geraldine and Shaughnessy, Gabe and Tait, Tim M. P. and Taoso, Marco",
    title = "{Gamma-ray lines and One-Loop Continuum from s-channel Dark Matter Annihilations}",
    eprint = "1302.1802",
    archivePrefix = "arXiv",
    primaryClass = "hep-ph",
    reportNumber = "CERN-PH-TH-2012-368",
    doi = "10.1088/1475-7516/2013/07/021",
    journal = "JCAP",
    volume = "07",
    pages = "021",
    year = "2013"
}

@article{CMS:2018cyk,
    author = "Sirunyan, Albert M and others",
    collaboration = "CMS",
    title = "{{Search for a standard model-like Higgs boson in the mass range between 70 and 110 GeV in the diphoton final state in proton-proton collisions at $\sqrt{s}=$ 8 and 13 TeV}}",
    eprint = "1811.08459",
    archivePrefix = "arXiv",
    primaryClass = "hep-ex",
    reportNumber = "CMS-HIG-17-013, CERN-EP-2018-207",
    doi = "10.1016/j.physletb.2019.03.064",
    journal = "Phys. Lett. B",
    volume = "793",
    pages = "320--347",
    year = "2019"
}

@article{CMS:2023yay,
    collaboration = "CMS",
    title = "{{Search for a standard model-like Higgs boson in the mass range between 70 and 110 GeV in the diphoton final state in proton-proton collisions at $\sqrt{s}=13$ TeV}}",
    reportNumber = "CMS-PAS-HIG-20-002",
    year = "2023"
}

@article{CMS:2024yhz,
    author = "Hayrapetyan, Aram and others",
    collaboration = "CMS",
    title = "{{Search for a standard model-like Higgs boson in the mass range between 70 and 110 GeV in the diphoton final state in proton-proton collisions at $\sqrt{s}=13$ TeV}}",
    eprint = "2405.18149",
    archivePrefix = "arXiv",
    primaryClass = "hep-ex",
    reportNumber = "CMS-HIG-20-002, CERN-EP-2024-088",
    doi = "10.1016/j.physletb.2024.139067",
    journal = "Phys. Lett. B",
    volume = "860",
    pages = "139067",
    year = "2025"
}
@article{Kundu:2024sip,
    author = "Kundu, Anirban and Mondal, Poulami and Moultaka, Gilbert",
    title = "{Indications for new scalar resonances at the LHC and a possible interpretation}",
    eprint = "2411.14126",
    archivePrefix = "arXiv",
    primaryClass = "hep-ph",
    month = "11",
    year = "2024"
}

@article{ATLAS:2012yve,
    author = "Aad, Georges and others",
    collaboration = "ATLAS",
    title = "{Observation of a new particle in the search for the Standard Model Higgs boson with the ATLAS detector at the LHC}",
    eprint = "1207.7214",
    archivePrefix = "arXiv",
    primaryClass = "hep-ex",
    reportNumber = "CERN-PH-EP-2012-218",
    doi = "10.1016/j.physletb.2012.08.020",
    journal = "Phys. Lett. B",
    volume = "716",
    pages = "1--29",
    year = "2012"
}

@article{Cooley:2014aya,
    author = "Cooley, J.",
    editor = "Avignone, Frank and Haxton, Wick",
    title = "{Overview of Non-Liquid Noble Direct Detection Dark Matter Experiments}",
    eprint = "1410.4960",
    archivePrefix = "arXiv",
    primaryClass = "astro-ph.IM",
    doi = "10.1016/j.dark.2014.10.005",
    journal = "Phys. Dark Univ.",
    volume = "4",
    pages = "92--97",
    year = "2014"
}

@article{CMS:2012qbp,
    author = "Chatrchyan, Serguei and others",
    collaboration = "CMS",
    title = "{Observation of a New Boson at a Mass of 125 GeV with the CMS Experiment at the LHC}",
    eprint = "1207.7235",
    archivePrefix = "arXiv",
    primaryClass = "hep-ex",
    reportNumber = "CMS-HIG-12-028, CERN-PH-EP-2012-220",
    doi = "10.1016/j.physletb.2012.08.021",
    journal = "Phys. Lett. B",
    volume = "716",
    pages = "30--61",
    year = "2012"
}

@article{Cao:2016uur,
    author = "Cao, Qing-Hong and Zhang, Dong-Ming",
    title = "{Collider Phenomenology of the 3-3-1 Model}",
    eprint = "1611.09337",
    archivePrefix = "arXiv",
    primaryClass = "hep-ph",
    month = "11",
    year = "2016"
}

@article{deSousaPires:1998jc,
    author = "de Sousa Pires, Carlos Antonio and Ravinez, O. P.",
    title = "{Charge quantization in a chiral bilepton gauge model}",
    eprint = "hep-ph/9803409",
    archivePrefix = "arXiv",
    reportNumber = "IFT-P-014-98",
    doi = "10.1103/PhysRevD.58.035008",
    journal = "Phys. Rev. D",
    volume = "58",
    pages = "035008",
    year = "1998"
}


@article{Foot:1992rh,
    author = "Foot, Robert and Hernandez, Oscar F. and Pisano, F. and Pleitez, V.",
    title = "{Lepton masses in an SU(3)-L x U(1)-N gauge model}",
    eprint = "hep-ph/9207264",
    archivePrefix = "arXiv",
    reportNumber = "MCGILL-92-31, IFT-P-025-92",
    doi = "10.1103/PhysRevD.47.4158",
    journal = "Phys. Rev. D",
    volume = "47",
    pages = "4158--4161",
    year = "1993"
}

@article{Buras:2012dp,
    author = "Buras, Andrzej J. and De Fazio, Fulvia and Girrbach, Jennifer and Carlucci, Maria V.",
    title = "{The Anatomy of Quark Flavour Observables in 331 Models in the Flavour Precision Era}",
    eprint = "1211.1237",
    archivePrefix = "arXiv",
    primaryClass = "hep-ph",
    reportNumber = "FLAVOUR(267104)-ERC-25, BARI-TH-12-658",
    doi = "10.1007/JHEP02(2013)023",
    journal = "JHEP",
    volume = "02",
    pages = "023",
    year = "2013"
}

@book{Baumann:2022mni,
    author = "Baumann, Daniel",
    title = "{Cosmology}",
    doi = "10.1017/9781108937092",
    isbn = "978-1-108-93709-2, 978-1-108-83807-8",
    publisher = "Cambridge University Press",
    month = "7",
    year = "2022"
}

@article{FeynRules,
    author    = "N. D. Christensen and C. Duhr",
    title     = "{FeynRules - Feynman rules made easy}",
    journal   = "Comput. Phys. Commun.",
    volume    = "180",
    year      = "2009",
    pages     = "1614-1641",
    doi       = "10.1016/j.cpc.2009.02.018",
    eprint    = "0806.4194",
    archivePrefix = "arXiv",
    primaryClass  = "hep-ph"
}

@manual{FeynRulesManual,
    title     = "{FeynRules User's Guide}",
    author    = "N. D. Christensen and others",
    year      = "2023",
    url       = "https://feynrules.irmp.ucl.ac.be/"
}

@article{LanHEP,
    author    = "A. Semenov",
    title     = "{LanHEP: A package for automatic generation of Feynman rules in gauge models}",
    journal   = "Comput. Phys. Commun.",
    volume    = "115",
    year      = "1998",
    pages     = "124-139",
    doi       = "10.1016/S0010-4655(98)00043-7",
    eprint    = "hep-ph/9808489",
    archivePrefix = "arXiv"
}

@manual{LanHEPManual,
    title     = "{LanHEP Documentation}",
    author    = "A. Semenov",
    year      = "2023",
    url       = "http://theory.sinp.msu.ru/~semenov/lanhep.html"
}

@article{micrOMEGAs,
    author    = "G. Bélanger and others",
    title     = "{micrOMEGAs: A program for calculating the relic density in the MSSM}",
    journal   = "Comput. Phys. Commun.",
    volume    = "149",
    year      = "2002",
    pages     = "103-120",
    doi       = "10.1016/S0010-4655(02)00596-9",
    eprint    = "hep-ph/0112278",
    archivePrefix = "arXiv"
}

@article{micrOMEGAs5,
    author    = "G. Bélanger and others",
    title     = "{micrOMEGAs5.0: Freeze-in}",
    journal   = "Comput. Phys. Commun.",
    volume    = "231",
    year      = "2018",
    pages     = "173-186",
    doi       = "10.1016/j.cpc.2018.04.027",
    eprint    = "1801.03509",
    archivePrefix = "arXiv",
    primaryClass  = "hep-ph"
}
